,amount,amountBTC,date,globalTradeID,rate,total,tradeID,type
0,10.0,0.0011799,2017-05-18 15:46:19,134574456,0.00011799,0.0011799,1187461,buy
1,341.620511,0.0403078040929,2017-05-18 15:46:18,134574451,0.00011799,0.0403078,1187460,buy
2,17.84383319,0.00210539387809,2017-05-18 15:46:17,134574440,0.00011799,0.00210539,1187459,buy
3,32.15616681,0.00379378456024,2017-05-18 15:46:17,134574439,0.00011798,0.00379378,1187458,buy
4,4733.43236142,0.55845035,2017-05-18 15:45:46,134574145,0.00011798,0.55845035,1187457,buy
5,4775.13880584,0.5590255,2017-05-18 15:45:06,134573803,0.00011707,0.55902549,1187456,buy
6,350.0,0.041293,2017-05-18 15:45:05,134573800,0.00011798,0.041293,1187455,sell
7,216.78385599,0.0255783271683,2017-05-18 15:44:54,134573572,0.00011799,0.02557832,1187454,buy
8,206.98086983,0.024403044553,2017-05-18 15:44:54,134573571,0.0001179,0.02440304,1187453,buy
9,470.86634461,0.0555575200005,2017-05-18 15:44:54,134573568,0.00011799,0.05555752,1187452,sell
10,371.23196551,0.0438016596105,2017-05-18 15:44:54,134573567,0.00011799,0.04380165,1187451,sell
11,205.47962022,0.0242445403898,2017-05-18 15:44:33,134573402,0.00011799,0.02424454,1187450,sell
12,13.56047122,0.00159999999925,2017-05-18 15:44:11,134573231,0.00011799,0.00159999,1187449,sell
13,1100.94850948,0.129988990514,2017-05-18 15:43:35,134572938,0.00011807,0.12998899,1187448,buy
14,88.30927813,0.0104187286338,2017-05-18 15:43:29,134572889,0.00011798,0.01041872,1187447,sell
15,211.331997,0.024937175646,2017-05-18 15:43:29,134572888,0.000118,0.02493717,1187446,sell
16,5.0,0.00059,2017-05-18 15:43:27,134572865,0.000118,0.00059,1187445,buy
17,111.96199383,0.0132115152719,2017-05-18 15:43:27,134572864,0.000118,0.01321151,1187444,buy
18,583.39673104,0.0688408142627,2017-05-18 15:43:19,134572771,0.000118,0.06884081,1187443,buy
19,264.06089608,0.0311565451285,2017-05-18 15:43:19,134572770,0.00011799,0.03115654,1187442,buy
20,16.93910392,0.00199864487152,2017-05-18 15:43:05,134572648,0.00011799,0.00199864,1187441,buy
21,4.9875,0.00058842525,2017-05-18 15:43:00,134572612,0.00011798,0.00058842,1187440,sell
22,700.35872487,0.0826353259474,2017-05-18 15:42:27,134572253,0.00011799,0.08263532,1187439,buy
23,14.17645539,0.00167282173602,2017-05-18 15:41:52,134571915,0.000118,0.00167282,1187438,buy
24,10.0,0.00118,2017-05-18 15:41:51,134571913,0.000118,0.00118,1187437,buy
25,81.974015,0.00967293377,2017-05-18 15:41:49,134571895,0.000118,0.00967293,1187436,buy
26,100.0,0.0118,2017-05-18 15:41:31,134571741,0.000118,0.0118,1187435,sell
27,19227.14861149,2.27034170804,2017-05-18 15:41:25,134571615,0.00011808,2.2703417,1187434,buy
28,178.80672544,0.0211117100727,2017-05-18 15:41:25,134571614,0.00011807,0.02111171,1187433,buy
29,5141.8675936,0.606740376045,2017-05-18 15:40:50,134571298,0.000118,0.60674037,1187432,buy
30,100.0,0.0118,2017-05-18 15:40:48,134571274,0.000118,0.0118,1187431,buy
31,0.1290077,1.5099061208e-05,2017-05-18 15:40:44,134571218,0.00011704,1.509e-05,1187430,sell
32,1.0,0.00011704,2017-05-18 15:40:44,134571217,0.00011704,0.00011704,1187429,sell
33,6.5573756,0.00076754081398,2017-05-18 15:40:44,134571216,0.00011705,0.00076754,1187428,sell
34,5.9561815,0.000698957899025,2017-05-18 15:40:44,134571215,0.00011735,0.00069895,1187427,sell
35,10.0,0.00118,2017-05-18 15:40:33,134571084,0.000118,0.00118,1187426,sell
36,1440.27288816,0.170053019905,2017-05-18 15:40:27,134571041,0.00011807,0.17005301,1187425,buy
37,178.80672544,0.0211009816692,2017-05-18 15:40:27,134571040,0.00011801,0.02110098,1187424,buy
38,2635.98596328,0.311072703527,2017-05-18 15:40:23,134571015,0.00011801,0.3110727,1187423,sell
39,500.0,0.059035,2017-05-18 15:40:14,134570941,0.00011807,0.059035,1187422,buy
40,55.96120957,0.00660398234136,2017-05-18 15:40:04,134570839,0.00011801,0.00660398,1187421,sell
41,30.0,0.0035415,2017-05-18 15:40:04,134570838,0.00011805,0.0035415,1187420,sell
42,207.49961887,0.02449948,2017-05-18 15:39:59,134570805,0.00011807,0.02449947,1187419,buy
43,8312.49999586,0.980958124511,2017-05-18 15:39:11,134570367,0.00011801,0.98095812,1187418,sell
44,11.56842318,0.00136518961947,2017-05-18 15:38:58,134570266,0.00011801,0.00136518,1187417,sell
45,5.9039103,0.000697074689121,2017-05-18 15:38:50,134570168,0.00011807,0.00069707,1187416,buy
46,4234.77598035,0.5,2017-05-18 15:38:42,134570084,0.00011807,0.49999999,1187415,buy
47,5685.2508645,0.67131442208,2017-05-18 15:38:04,134569662,0.00011808,0.67131442,1187414,buy
48,2784.3010962,0.328742430428,2017-05-18 15:38:04,134569661,0.00011807,0.32874243,1187413,buy
49,17.16436773,0.00202659689788,2017-05-18 15:36:59,134569051,0.00011807,0.00202659,1187412,buy
50,138.53453607,0.0163567726738,2017-05-18 15:36:57,134569031,0.00011807,0.01635677,1187411,buy
51,13.27215293,0.00156611404574,2017-05-18 15:36:57,134569030,0.000118,0.00156611,1187410,buy
52,607.03458974,0.0716786443565,2017-05-18 15:35:36,134568051,0.00011808,0.07167864,1187409,buy
53,5.0,0.00059,2017-05-18 15:35:36,134568050,0.000118,0.00059,1187408,buy
54,1133.55478688,0.133759464852,2017-05-18 15:35:36,134568049,0.000118,0.13375946,1187407,buy
55,599.49920638,0.0707409063528,2017-05-18 15:35:36,134568048,0.000118,0.0707409,1187406,buy
56,20.0,0.00236,2017-05-18 15:35:29,134567976,0.000118,0.00236,1187405,buy
57,38.7813421,0.00453896827938,2017-05-18 15:35:09,134567788,0.00011704,0.00453896,1187404,sell
58,90.51949368,0.0106813002542,2017-05-18 15:34:38,134567437,0.000118,0.0106813,1187403,buy
59,8360.06896691,0.978462471887,2017-05-18 15:34:19,134567264,0.00011704,0.97846247,1187402,sell
60,12.85843062,0.00151266577814,2017-05-18 15:34:19,134567263,0.00011764,0.00151266,1187401,sell
61,5.522,0.00065126468,2017-05-18 15:34:19,134567262,0.00011794,0.00065126,1187400,sell
62,1.40562153,0.000165793059463,2017-05-18 15:34:19,134567261,0.00011795,0.00016579,1187399,sell
63,812.73348242,0.0959675696042,2017-05-18 15:34:18,134567252,0.00011808,0.09596756,1187398,buy
64,27.26651758,0.00321744907444,2017-05-18 15:34:18,134567251,0.000118,0.00321744,1187397,buy
65,50.0,0.0059,2017-05-18 15:34:12,134567189,0.000118,0.0059,1187396,sell
66,39792.97158555,4.69875408482,2017-05-18 15:34:00,134567068,0.00011808,4.69875408,1187395,buy
67,1974.63345998,0.23314497262,2017-05-18 15:34:00,134567067,0.00011807,0.23314497,1187394,buy
68,1.25355329,0.000148019572483,2017-05-18 15:33:52,134566987,0.00011808,0.00014801,1187393,sell
69,1115.86114241,0.13226302121,2017-05-18 15:33:28,134566727,0.00011853,0.13226302,1187392,buy
70,67.06301821,0.00793959072588,2017-05-18 15:33:28,134566726,0.00011839,0.00793959,1187391,buy
71,3526.97605351,0.417558694975,2017-05-18 15:33:20,134566652,0.00011839,0.41755869,1187390,sell
72,421.94092828,0.0500000000012,2017-05-18 15:33:20,134566651,0.0001185,0.05,1187389,sell
73,112.46179617,0.0134099445753,2017-05-18 15:33:06,134566481,0.00011924,0.01340994,1187388,buy
74,5.5,0.000653895,2017-05-18 15:33:06,134566480,0.00011889,0.00065389,1187387,buy
75,1090.00068985,0.129045181671,2017-05-18 15:33:05,134566477,0.00011839,0.12904518,1187386,sell
76,73.79150308,0.0087664305659,2017-05-18 15:33:05,134566476,0.0001188,0.00876643,1187385,sell
77,1289.35796793,0.15317572659,2017-05-18 15:33:02,134566439,0.0001188,0.15317572,1187384,buy
78,1.24799708,0.000148249573133,2017-05-18 15:33:02,134566438,0.00011879,0.00014824,1187383,buy
79,241.9939229,0.0287464581013,2017-05-18 15:33:02,134566437,0.00011879,0.02874645,1187382,buy
80,17.40498948,0.00206318745296,2017-05-18 15:33:02,134566436,0.00011854,0.00206318,1187381,buy
81,125.27420689,0.0148312133537,2017-05-18 15:32:37,134566204,0.00011839,0.01483121,1187380,sell
82,81.64156938,0.0096655453989,2017-05-18 15:32:37,134566203,0.00011839,0.00966554,1187379,sell
83,5.5,0.000648615,2017-05-18 15:32:16,134566046,0.00011793,0.00064861,1187378,buy
84,12.85843062,0.00151266577814,2017-05-18 15:32:16,134566045,0.00011764,0.00151266,1187377,buy
85,79.62704471,0.00927495816782,2017-05-18 15:31:45,134565801,0.00011648,0.00927495,1187376,sell
86,85.85214835,0.0100000582398,2017-05-18 15:31:45,134565800,0.00011648,0.01000005,1187375,sell
87,4.29258241,0.000499999999117,2017-05-18 15:31:45,134565799,0.00011648,0.00049999,1187374,sell
88,4.29258241,0.000499999999117,2017-05-18 15:31:45,134565798,0.00011648,0.00049999,1187373,sell
89,4.29258241,0.000499999999117,2017-05-18 15:31:45,134565797,0.00011648,0.00049999,1187372,sell
90,5.522,0.000646074,2017-05-18 15:31:45,134565796,0.000117,0.00064607,1187371,sell
91,369.60681529,0.0439055935883,2017-05-18 15:31:40,134565748,0.00011879,0.04390559,1187370,buy
92,5.0,0.00059195,2017-05-18 15:31:40,134565747,0.00011839,0.00059195,1187369,buy
93,216.59942577,0.0256432060169,2017-05-18 15:31:40,134565746,0.00011839,0.0256432,1187368,buy
94,2590.45973489,0.30173674992,2017-05-18 15:31:00,134565403,0.00011648,0.30173674,1187367,sell
95,10.0,0.0011674,2017-05-18 15:31:00,134565402,0.00011674,0.0011674,1187366,sell
96,12.8490663,0.00149999999986,2017-05-18 15:31:00,134565401,0.00011674,0.00149999,1187365,sell
97,84.46659346,0.00999999999973,2017-05-18 15:30:56,134565358,0.00011839,0.00999999,1187364,buy
98,515.10707398,0.0609835264885,2017-05-18 15:30:45,134565258,0.00011839,0.06098352,1187363,buy
99,129.58624779,0.015127898567,2017-05-18 15:30:43,134565243,0.00011674,0.01512789,1187362,buy
100,5.0,0.0005837,2017-05-18 15:30:42,134565236,0.00011674,0.0005837,1187361,sell
101,78.04474636,0.00923971752156,2017-05-18 15:30:39,134565203,0.00011839,0.00923971,1187360,buy
102,0.92184711,0.000109137479353,2017-05-18 15:30:39,134565202,0.00011839,0.00010913,1187359,buy
103,5.5,0.000648615,2017-05-18 15:30:39,134565201,0.00011793,0.00064861,1187358,buy
104,171.41630903,0.0200557081565,2017-05-18 15:30:14,134564908,0.000117,0.0200557,1187357,buy
105,3467.03548865,0.405643152172,2017-05-18 15:29:46,134564683,0.000117,0.40564315,1187356,buy
106,5.522,0.000646074,2017-05-18 15:29:43,134564664,0.000117,0.00064607,1187355,sell
107,384.61588461,0.0450000584994,2017-05-18 15:29:43,134564663,0.000117,0.04500005,1187354,sell
108,608.7864179,0.0712280108943,2017-05-18 15:29:43,134564662,0.000117,0.07122801,1187353,sell
109,915.9203691,0.107199319999,2017-05-18 15:29:43,134564661,0.00011704,0.10719931,1187352,sell
110,7224.47049782,0.84605774,2017-05-18 15:29:43,134564660,0.00011711,0.84605773,1187351,sell
111,10.13850134,0.00118792820201,2017-05-18 15:29:43,134564659,0.00011717,0.00118792,1187350,sell
112,7.08264566,0.000830227724265,2017-05-18 15:29:43,134564658,0.00011722,0.00083022,1187349,sell
113,8.77109268,0.00102814748395,2017-05-18 15:29:43,134564657,0.00011722,0.00102814,1187348,sell
114,11.75687593,0.00137814099651,2017-05-18 15:29:43,134564656,0.00011722,0.00137814,1187347,sell
115,9.62737619,0.00112852103699,2017-05-18 15:29:43,134564655,0.00011722,0.00112852,1187346,sell
116,14.61378657,0.00171302806174,2017-05-18 15:29:43,134564654,0.00011722,0.00171302,1187345,sell
117,12.21628356,0.0014319927589,2017-05-18 15:29:43,134564653,0.00011722,0.00143199,1187344,sell
118,14.92170642,0.00174912242655,2017-05-18 15:29:43,134564652,0.00011722,0.00174912,1187343,sell
119,65.10982,0.007637381886,2017-05-18 15:29:43,134564651,0.0001173,0.00763738,1187342,sell
120,2503.12275168,0.29364133,2017-05-18 15:29:43,134564650,0.00011731,0.29364132,1187341,sell
121,339.67827121,0.0400039100004,2017-05-18 15:29:43,134564649,0.00011777,0.04000391,1187340,sell
122,2125.58166384,0.25039352,2017-05-18 15:29:43,134564648,0.0001178,0.25039352,1187339,sell
123,7.08871734,0.00083604332308,2017-05-18 15:29:43,134564647,0.00011794,0.00083604,1187338,sell
124,1871.14295366,0.220308371364,2017-05-18 15:28:53,134564023,0.00011774,0.22030837,1187337,sell
125,1.5623868,0.000184267899192,2017-05-18 15:28:53,134564022,0.00011794,0.00018426,1187336,sell
126,1120.77967339,0.13218475468,2017-05-18 15:28:53,134564021,0.00011794,0.13218475,1187335,sell
127,25.29076271,0.00298430999978,2017-05-18 15:28:53,134564020,0.000118,0.0029843,1187334,sell
128,10.0,0.0011794,2017-05-18 15:28:21,134563572,0.00011794,0.0011794,1187333,sell
129,377.74658843,0.0448762947055,2017-05-18 15:28:17,134563522,0.0001188,0.04487629,1187332,buy
130,5.0,0.0005914,2017-05-18 15:28:17,134563521,0.00011828,0.0005914,1187331,buy
131,36.13363292,0.00427388610178,2017-05-18 15:28:17,134563520,0.00011828,0.00427388,1187330,buy
132,1.99519952,0.00023593234324,2017-05-18 15:28:17,134563519,0.00011825,0.00023593,1187329,buy
133,4.478,0.00052813532,2017-05-18 15:28:13,134563484,0.00011794,0.00052813,1187328,sell
134,5.522,0.00065126468,2017-05-18 15:28:13,134563483,0.00011794,0.00065126,1187327,sell
135,16.97456501,0.00200775154938,2017-05-18 15:27:36,134562883,0.00011828,0.00200775,1187326,buy
136,65.92651515,0.00779778821194,2017-05-18 15:27:32,134562845,0.00011828,0.00779778,1187325,buy
137,22.09797441,0.00262523935991,2017-05-18 15:27:21,134562602,0.0001188,0.00262523,1187324,buy
138,10.0,0.001188,2017-05-18 15:27:18,134562534,0.0001188,0.001188,1187323,buy
139,8.44774245,0.00100435209988,2017-05-18 15:26:52,134562235,0.00011889,0.00100435,1187322,sell
140,1.55225755,0.000184547900119,2017-05-18 15:26:31,134562103,0.00011889,0.00018454,1187321,buy
141,3.5,0.000416115,2017-05-18 15:26:18,134561973,0.00011889,0.00041611,1187320,buy
142,1.0,0.00011889,2017-05-18 15:26:18,134561972,0.00011889,0.00011889,1187319,buy
143,80.36608515,0.00943980036172,2017-05-18 15:26:16,134561960,0.00011746,0.0094398,1187318,sell
144,2.57855879,0.00030414100928,2017-05-18 15:26:16,134561959,0.00011795,0.00030414,1187317,sell
145,1.0,0.00011889,2017-05-18 15:25:15,134561131,0.00011889,0.00011889,1187316,buy
146,1.0,0.0001198,2017-05-18 15:25:07,134561032,0.0001198,0.0001198,1187315,buy
147,5.522,0.00065126468,2017-05-18 15:24:59,134560931,0.00011794,0.00065126,1187314,sell
148,1.0,0.0001198,2017-05-18 15:24:57,134560891,0.0001198,0.0001198,1187313,buy
149,5.0,0.0005917,2017-05-18 15:24:53,134560849,0.00011834,0.0005917,1187312,sell
150,812.5359644,0.0973418085351,2017-05-18 15:24:49,134560792,0.0001198,0.0973418,1187311,buy
151,1.0,0.0001198,2017-05-18 15:24:47,134560772,0.0001198,0.0001198,1187310,buy
152,5.522,0.0006565658,2017-05-18 15:24:43,134560700,0.0001189,0.00065656,1187309,sell
153,17.08719585,0.00204858391046,2017-05-18 15:23:49,134560135,0.00011989,0.00204858,1187308,sell
154,17.55493892,0.00210466162712,2017-05-18 15:23:41,134560083,0.00011989,0.00210466,1187307,sell
155,5.5,0.000659395,2017-05-18 15:23:37,134560029,0.00011989,0.00065939,1187306,sell
156,27.24261764,0.00326611742886,2017-05-18 15:23:34,134560002,0.00011989,0.00326611,1187305,sell
157,896.38820668,0.107467982099,2017-05-18 15:23:30,134559950,0.00011989,0.10746798,1187304,sell
158,375.56376302,0.0450300951861,2017-05-18 15:23:19,134559798,0.0001199,0.04503009,1187303,buy
159,3040.748129,0.364555293186,2017-05-18 15:23:17,134559779,0.00011989,0.36455529,1187302,sell
160,626.07773,0.0750604590497,2017-05-18 15:23:12,134559720,0.00011989,0.07506045,1187301,sell
161,63.92227,0.0076636409503,2017-05-18 15:23:11,134559699,0.00011989,0.00766364,1187300,sell
162,2073.5534888,0.248598327772,2017-05-18 15:23:09,134559694,0.00011989,0.24859832,1187299,buy
163,5.5,0.000659175,2017-05-18 15:23:09,134559693,0.00011985,0.00065917,1187298,buy
164,1022.75206456,0.121431352625,2017-05-18 15:23:09,134559692,0.00011873,0.12143135,1187297,buy
165,1.70625428,0.000202566508122,2017-05-18 15:23:09,134559691,0.00011872,0.00020256,1187296,buy
166,4.478,0.00052813532,2017-05-18 15:23:09,134559690,0.00011794,0.00052813,1187295,buy
167,5.522,0.00065126468,2017-05-18 15:23:08,134559670,0.00011794,0.00065126,1187294,sell
168,5.522,0.0006565658,2017-05-18 15:22:35,134559193,0.0001189,0.00065656,1187293,sell
169,1.03255158,0.00012358609861,2017-05-18 15:22:35,134559192,0.00011969,0.00012358,1187292,sell
170,1.7088175,0.00020454545475,2017-05-18 15:22:35,134559191,0.0001197,0.00020454,1187291,sell
171,333.36161342,0.0400000599943,2017-05-18 15:22:12,134558888,0.00011999,0.04000005,1187290,buy
172,1.0,0.00011999,2017-05-18 15:22:04,134558772,0.00011999,0.00011999,1187289,buy
173,83.47019306,0.00976851669381,2017-05-18 15:21:43,134558555,0.00011703,0.00976851,1187288,sell
174,173.29009721,0.0207930787642,2017-05-18 15:21:30,134558429,0.00011999,0.02079307,1187287,buy
175,5.5,0.000659175,2017-05-18 15:21:30,134558428,0.00011985,0.00065917,1187286,buy
176,34.24793295,0.00407584650038,2017-05-18 15:21:30,134558427,0.00011901,0.00407584,1187285,buy
177,5.5,0.000653895,2017-05-18 15:21:30,134558426,0.00011889,0.00065389,1187284,buy
178,5.5,0.000648615,2017-05-18 15:21:30,134558425,0.00011793,0.00064861,1187283,buy
179,5.0,0.00058715,2017-05-18 15:21:30,134558424,0.00011743,0.00058715,1187282,buy
180,20.96196984,0.00246156411831,2017-05-18 15:21:30,134558423,0.00011743,0.00246156,1187281,buy
181,520.99402786,0.0609563012596,2017-05-18 15:21:26,134558386,0.000117,0.0609563,1187280,sell
182,304.0,0.03569872,2017-05-18 15:21:24,134558369,0.00011743,0.03569872,1187279,buy
183,579.62176364,0.0678157463459,2017-05-18 15:21:22,134558353,0.000117,0.06781574,1187278,sell
184,498.00036022,0.0582660421457,2017-05-18 15:21:03,134558105,0.000117,0.05826604,1187277,buy
185,1.9452239,0.0002275911963,2017-05-18 15:21:03,134558104,0.000117,0.00022759,1187276,buy
186,4.0,0.000468,2017-05-18 15:21:03,134558102,0.000117,0.000468,1187275,buy
187,5.522,0.000646074,2017-05-18 15:21:02,134558095,0.000117,0.00064607,1187274,sell
188,9.36967632,0.00109999999997,2017-05-18 15:20:55,134558042,0.0001174,0.00109999,1187273,sell
189,135.0,0.01585305,2017-05-18 15:20:39,134557821,0.00011743,0.01585305,1187272,buy
190,10.0,0.0011743,2017-05-18 15:20:38,134557810,0.00011743,0.0011743,1187271,buy
191,155.0,0.01820165,2017-05-18 15:20:38,134557808,0.00011743,0.01820165,1187270,buy
192,4211.52386354,0.494559247296,2017-05-18 15:20:37,134557803,0.00011743,0.49455924,1187269,sell
193,80.13845367,0.009411459999,2017-05-18 15:20:37,134557802,0.00011744,0.00941145,1187268,sell
194,50.0,0.0058725,2017-05-18 15:20:37,134557801,0.00011745,0.0058725,1187267,sell
195,5.522,0.00065126468,2017-05-18 15:20:37,134557800,0.00011794,0.00065126,1187266,sell
196,5.0,0.00059415,2017-05-18 15:20:37,134557799,0.00011883,0.00059415,1187265,sell
197,5.522,0.0006565658,2017-05-18 15:20:37,134557798,0.0001189,0.00065656,1187264,sell
198,4.20168067,0.00049999999973,2017-05-18 15:20:37,134557797,0.000119,0.00049999,1187263,sell
199,0.92421441,0.000109990756934,2017-05-18 15:20:33,134557767,0.00011901,0.00010999,1187262,buy
0,10.0,0.0011799,2017-05-18 15:46:43,134574629,0.00011799,0.0011799,1187462,buy
0,2553.319754,0.301266197774,2017-05-18 15:47:06,134574823,0.00011799,0.30126619,1187463,buy
0,4237.64725824,0.5,2017-05-18 15:47:17,134574889,0.00011799,0.49999999,1187464,buy
0,12.46929584,0.00147125221616,2017-05-18 15:47:24,134574976,0.00011799,0.00147125,1187467,buy
1,25.00000000,0.00294975,2017-05-18 15:47:22,134574966,0.00011799,0.00294975,1187466,buy
2,25.00000000,0.00294975,2017-05-18 15:47:20,134574912,0.00011799,0.00294975,1187465,buy
0,1308.05149052,0.153696050136,2017-05-18 15:47:50,134575143,0.00011750,0.15369605,1187469,sell
1,949.32939685,0.112011375534,2017-05-18 15:47:47,134575126,0.00011799,0.11201137,1187468,buy
0,145.20045770,0.0171307499994,2017-05-18 15:48:00,134575266,0.00011798,0.01713074,1187470,buy
0,1629.35030100,0.192247042015,2017-05-18 15:48:23,134575477,0.00011799,0.19224704,1187472,buy
1,65.70860229,0.00775230089817,2017-05-18 15:48:23,134575476,0.00011798,0.00775230,1187471,buy
0,300.00000000,0.035397,2017-05-18 15:48:25,134575491,0.00011799,0.03539700,1187473,buy
0,15620.72195892,1.84308898393,2017-05-18 15:49:39,134576172,0.00011799,1.84308898,1187476,buy
1,2940.00000000,0.3468612,2017-05-18 15:49:39,134576171,0.00011798,0.34686120,1187475,buy
2,33.33330000,0.003931662735,2017-05-18 15:49:39,134576170,0.00011795,0.00393166,1187474,buy
0,917.33663870,0.10823655,2017-05-18 15:49:48,134576266,0.00011799,0.10823655,1187479,buy
1,33.33330000,0.00391666275,2017-05-18 15:49:48,134576265,0.00011750,0.00391666,1187478,sell
2,1129.43065777,0.13326152331,2017-05-18 15:49:46,134576259,0.00011799,0.13326152,1187477,buy
0,2200.00000000,0.259578,2017-05-18 15:49:54,134576328,0.00011799,0.25957800,1187481,buy
1,33.33330000,0.00391666275,2017-05-18 15:49:52,134576309,0.00011750,0.00391666,1187480,sell
0,8475.29451648,0.999999999999,2017-05-18 15:49:58,134576370,0.00011799,0.99999999,1187482,buy
0,101.62171561,0.0119903462248,2017-05-18 15:50:07,134576422,0.00011799,0.01199034,1187484,buy
1,6295.95198170,0.742859374321,2017-05-18 15:50:02,134576392,0.00011799,0.74285937,1187483,buy
0,2610.62940870,0.308028163933,2017-05-18 15:50:12,134576466,0.00011799,0.30802816,1187486,buy
1,33.33330000,0.003931662735,2017-05-18 15:50:12,134576465,0.00011795,0.00393166,1187485,buy
0,12.71725307,0.00149999999961,2017-05-18 15:50:24,134576570,0.00011795,0.00149999,1187487,buy
0,4267.27402907,0.503324971729,2017-05-18 15:50:29,134576693,0.00011795,0.50332497,1187492,buy
1,33.33330000,0.003931662735,2017-05-18 15:50:29,134576692,0.00011795,0.00393166,1187491,buy
2,5.35534325,0.000631662736337,2017-05-18 15:50:29,134576691,0.00011795,0.00063166,1187490,buy
3,2.54345061,0.000299999999449,2017-05-18 15:50:25,134576627,0.00011795,0.00029999,1187489,buy
4,12.71725307,0.00149999999961,2017-05-18 15:50:25,134576626,0.00011795,0.00149999,1187488,buy
0,12.71725307,0.00149999999961,2017-05-18 15:50:58,134576878,0.00011795,0.00149999,1187493,buy
0,254.34506147,0.0300000000004,2017-05-18 15:51:05,134576974,0.00011795,0.03000000,1187494,buy
0,96.00000000,0.0113232,2017-05-18 15:51:14,134577086,0.00011795,0.01132320,1187495,buy
0,1070.00437872,0.1257255145,2017-05-18 15:51:19,134577136,0.00011750,0.12572551,1187497,sell
1,8.47816911,0.00100000004652,2017-05-18 15:51:18,134577128,0.00011795,0.00100000,1187496,buy
0,12.57675143,0.00147776829302,2017-05-18 15:51:28,134577215,0.00011750,0.00147776,1187500,buy
1,8.51063870,0.00100000004725,2017-05-18 15:51:25,134577179,0.00011750,0.00100000,1187499,buy
2,3405.95744679,0.400199999998,2017-05-18 15:51:23,134577168,0.00011750,0.40019999,1187498,buy
0,8.51063870,0.00100000004725,2017-05-18 15:51:33,134577275,0.00011750,0.00100000,1187504,buy
1,12.57675143,0.00147776829302,2017-05-18 15:51:32,134577252,0.00011750,0.00147776,1187503,buy
2,725.90273556,0.0852935714283,2017-05-18 15:51:30,134577239,0.00011750,0.08529357,1187502,buy
3,12.57675143,0.00147776829302,2017-05-18 15:51:29,134577221,0.00011750,0.00147776,1187501,buy
0,12.57675143,0.00147776829302,2017-05-18 15:51:39,134577364,0.00011750,0.00147776,1187506,buy
1,12.57675143,0.00147776829302,2017-05-18 15:51:35,134577328,0.00011750,0.00147776,1187505,buy
0,8.51063870,0.00100000004725,2017-05-18 15:51:41,134577388,0.00011750,0.00100000,1187508,buy
1,12.57675143,0.00147776829302,2017-05-18 15:51:40,134577382,0.00011750,0.00147776,1187507,buy
0,12.57675143,0.00147776829302,2017-05-18 15:51:49,134577475,0.00011750,0.00147776,1187510,buy
1,12.57675143,0.00147776829302,2017-05-18 15:51:48,134577459,0.00011750,0.00147776,1187509,buy
0,3817.37224600,0.448541238905,2017-05-18 15:52:00,134577626,0.00011750,0.44854123,1187513,buy
1,776.28159412,0.0912130873091,2017-05-18 15:51:56,134577592,0.00011750,0.09121308,1187512,buy
2,829.29319456,0.0974419503608,2017-05-18 15:51:56,134577590,0.00011750,0.09744195,1187511,buy
0,21.63136470,0.00253195123813,2017-05-18 15:52:08,134577723,0.00011705,0.00253195,1187514,sell
0,22.71225532,0.0026686900001,2017-05-18 15:52:26,134577919,0.00011750,0.00266869,1187516,buy
1,1106.38297873,0.130000000001,2017-05-18 15:52:22,134577860,0.00011750,0.13000000,1187515,buy
0,12.57675142,0.00147776829185,2017-05-18 15:52:37,134578046,0.00011750,0.00147776,1187518,buy
1,12.57675142,0.00147776829185,2017-05-18 15:52:36,134578038,0.00011750,0.00147776,1187517,buy
0,442.31087767,0.0519715281262,2017-05-18 15:52:50,134578192,0.00011750,0.05197152,1187521,buy
1,5.00000000,0.0005875,2017-05-18 15:52:50,134578191,0.00011750,0.00058750,1187520,buy
2,3.86416409,0.000454039280575,2017-05-18 15:52:50,134578190,0.00011750,0.00045403,1187519,buy
0,1200.00000000,0.14154,2017-05-18 15:52:59,134578269,0.00011795,0.14154000,1187522,buy
0,720.67643700,0.0850037857441,2017-05-18 15:53:07,134578319,0.00011795,0.08500378,1187524,buy
1,1200.00000000,0.14154,2017-05-18 15:53:06,134578315,0.00011795,0.14154000,1187523,buy
0,65.77015015,0.00775758921019,2017-05-18 15:53:19,134578432,0.00011795,0.00775758,1187525,buy
0,19.43205518,0.00228326648365,2017-05-18 15:53:24,134578545,0.00011750,0.00228326,1187529,buy
1,25.00000000,0.0029375,2017-05-18 15:53:23,134578529,0.00011750,0.00293750,1187528,buy
2,3.31097872,0.0003890399996,2017-05-18 15:53:22,134578457,0.00011750,0.00038903,1187527,sell
3,41.81329867,0.00491306259372,2017-05-18 15:53:22,134578456,0.00011750,0.00491306,1187526,sell
0,25.00000000,0.0029375,2017-05-18 15:53:29,134578599,0.00011750,0.00293750,1187531,buy
1,25.00000000,0.0029375,2017-05-18 15:53:27,134578582,0.00011750,0.00293750,1187530,buy
0,23271.71395893,2.73442639017,2017-05-18 15:53:35,134578649,0.00011750,2.73442639,1187532,buy
0,1695.63382790,0.200000010001,2017-05-18 15:54:18,134579117,0.00011795,0.20000001,1187533,buy
0,13.45919482,0.00158751202902,2017-05-18 15:54:26,134579185,0.00011795,0.00158751,1187534,buy
0,847.81687155,0.0999999999993,2017-05-18 15:54:47,134579353,0.00011795,0.09999999,1187535,buy
0,3391.26748622,0.4,2017-05-18 15:54:53,134579482,0.00011795,0.39999999,1187536,buy
0,22639.61127596,2.67034215,2017-05-18 15:55:02,134579532,0.00011795,2.67034214,1187537,buy
0,15.07868454,0.00177853084149,2017-05-18 15:55:35,134579782,0.00011795,0.00177853,1187539,buy
1,100.00000000,0.011795,2017-05-18 15:55:33,134579759,0.00011795,0.01179500,1187538,buy
0,5375.95581989,0.631674808837,2017-05-18 15:55:39,134579814,0.00011750,0.63167480,1187542,sell
1,2124.04418011,0.249999999999,2017-05-18 15:55:39,134579813,0.00011770,0.24999999,1187541,sell
2,2300.00000000,0.271285,2017-05-18 15:55:38,134579810,0.00011795,0.27128500,1187540,buy
0,25.00000000,0.0029425,2017-05-18 15:56:07,134580089,0.00011770,0.00294250,1187543,buy
0,22.05534573,0.00259591419242,2017-05-18 15:56:13,134580132,0.00011770,0.00259591,1187547,buy
1,3.01200000,0.0003545124,2017-05-18 15:56:11,134580117,0.00011770,0.00035451,1187546,buy
2,3.01200000,0.0003545124,2017-05-18 15:56:08,134580101,0.00011770,0.00035451,1187545,buy
3,25.00000000,0.0029425,2017-05-18 15:56:08,134580096,0.00011770,0.00294250,1187544,buy
0,25.00000000,0.0029425,2017-05-18 15:56:15,134580136,0.00011770,0.00294250,1187548,buy
0,22.65547469,0.00266201827607,2017-05-18 15:56:20,134580169,0.00011750,0.00266201,1187549,sell
0,34.72100259,0.00408666200484,2017-05-18 15:56:46,134580337,0.00011770,0.00408666,1187550,buy
0,651.67686900,0.0767023674813,2017-05-18 15:56:55,134580471,0.00011770,0.07670236,1187551,buy
0,1182.14030321,0.139137913688,2017-05-18 15:57:08,134580542,0.00011770,0.13913791,1187553,buy
1,28.38247947,0.00334061783362,2017-05-18 15:57:07,134580540,0.00011770,0.00334061,1187552,buy
0,6722.62577363,0.79293371,2017-05-18 15:57:33,134580760,0.00011795,0.79293370,1187554,buy
0,90.00000000,0.0106155,2017-05-18 15:57:42,134580856,0.00011795,0.01061550,1187555,buy
0,1678.02170100,0.197922659633,2017-05-18 15:57:55,134580936,0.00011795,0.19792265,1187556,buy
0,28.56487945,0.00336208631127,2017-05-18 15:57:58,134580952,0.00011770,0.00336208,1187557,sell
0,993.73111092,0.116316226533,2017-05-18 15:58:28,134581177,0.00011705,0.11631622,1187566,sell
1,759.51900000,0.08892448452,2017-05-18 15:58:28,134581176,0.00011708,0.08892448,1187565,sell
2,97.30392491,0.0114040199995,2017-05-18 15:58:28,134581175,0.00011720,0.01140401,1187564,sell
3,4.09177674,0.000480170000439,2017-05-18 15:58:28,134581174,0.00011735,0.00048017,1187563,sell
4,7.99145280,0.000938995704,2017-05-18 15:58:28,134581173,0.00011750,0.00093899,1187562,sell
5,3112.02700329,0.365663172887,2017-05-18 15:58:28,134581172,0.00011750,0.36566317,1187561,sell
6,2673.32721088,0.314383279999,2017-05-18 15:58:28,134581171,0.00011760,0.31438327,1187560,sell
7,5000.00000000,0.58825,2017-05-18 15:58:28,134581170,0.00011765,0.58825000,1187559,sell
8,849.97875053,0.0999999999999,2017-05-18 15:58:28,134581169,0.00011765,0.09999999,1187558,sell
0,30.15584268,0.00355688164411,2017-05-18 15:58:47,134581440,0.00011795,0.00355688,1187569,buy
1,26.38465353,0.00310547372048,2017-05-18 15:58:47,134581439,0.00011770,0.00310547,1187568,buy
2,1.72080999,0.000202522127723,2017-05-18 15:58:47,134581438,0.00011769,0.00020252,1187567,buy
0,210.71776176,0.0248541599996,2017-05-18 15:59:19,134581713,0.00011795,0.02485415,1187570,buy
0,119.34550080,0.0141472156648,2017-05-18 15:59:30,134581865,0.00011854,0.01414721,1187593,buy
1,3.93346930,0.000465368752883,2017-05-18 15:59:30,134581864,0.00011831,0.00046536,1187592,buy
2,8.00000000,0.00094488,2017-05-18 15:59:30,134581863,0.00011811,0.00094488,1187591,buy
3,8.00000000,0.00094488,2017-05-18 15:59:30,134581862,0.00011811,0.00094488,1187590,buy
4,8.00000000,0.00094488,2017-05-18 15:59:30,134581861,0.00011811,0.00094488,1187589,buy
5,8.00000000,0.00094488,2017-05-18 15:59:30,134581860,0.00011811,0.00094488,1187588,buy
6,5.56211697,0.000656830392987,2017-05-18 15:59:30,134581859,0.00011809,0.00065683,1187587,buy
7,5.00000000,0.0005904,2017-05-18 15:59:30,134581858,0.00011808,0.00059040,1187586,buy
8,1706.83810610,0.201543443568,2017-05-18 15:59:30,134581857,0.00011808,0.20154344,1187585,buy
9,14.78068029,0.00174397246742,2017-05-18 15:59:30,134581856,0.00011799,0.00174397,1187584,buy
10,2.47273100,0.00029175753069,2017-05-18 15:59:30,134581855,0.00011799,0.00029175,1187583,buy
11,6.89448643,0.000813480453876,2017-05-18 15:59:30,134581854,0.00011799,0.00081348,1187582,buy
12,5.00000000,0.00058995,2017-05-18 15:59:30,134581853,0.00011799,0.00058995,1187581,buy
13,5.00000000,0.00058995,2017-05-18 15:59:30,134581852,0.00011799,0.00058995,1187580,buy
14,5.00000000,0.00058975,2017-05-18 15:59:30,134581851,0.00011795,0.00058975,1187579,buy
15,18.26969125,0.00215491008294,2017-05-18 15:59:30,134581850,0.00011795,0.00215491,1187578,buy
16,11.79042333,0.00139068043177,2017-05-18 15:59:30,134581849,0.00011795,0.00139068,1187577,buy
17,10.16064205,0.0011984477298,2017-05-18 15:59:30,134581848,0.00011795,0.00119844,1187576,buy
18,14.14586476,0.00166850474844,2017-05-18 15:59:30,134581847,0.00011795,0.00166850,1187575,buy
19,15.55857009,0.00183513334212,2017-05-18 15:59:30,134581846,0.00011795,0.00183513,1187574,buy
20,5.00000000,0.00058975,2017-05-18 15:59:30,134581845,0.00011795,0.00058975,1187573,buy
21,2140.54788788,0.252477623375,2017-05-18 15:59:30,134581844,0.00011795,0.25247762,1187572,buy
22,3115.53658330,0.36747754,2017-05-18 15:59:30,134581840,0.00011795,0.36747754,1187571,buy
0,111.00000000,0.01315794,2017-05-18 15:59:37,134581917,0.00011854,0.01315794,1187594,buy
0,10.00000000,0.0011854,2017-05-18 16:00:10,134582226,0.00011854,0.00118540,1187596,sell
1,169.05449920,0.0200397203352,2017-05-18 16:00:06,134582205,0.00011854,0.02003972,1187595,buy
0,10.00000000,0.0011854,2017-05-18 16:00:15,134582285,0.00011854,0.00118540,1187597,sell
0,10.00000000,0.0011854,2017-05-18 16:00:20,134582323,0.00011854,0.00118540,1187598,sell
0,10.00000000,0.0011854,2017-05-18 16:00:31,134582413,0.00011854,0.00118540,1187600,sell
1,10.00000000,0.0011854,2017-05-18 16:00:27,134582387,0.00011854,0.00118540,1187599,sell
0,10.00000000,0.0011854,2017-05-18 16:00:37,134582453,0.00011854,0.00118540,1187601,sell
0,99.75000000,0.011824365,2017-05-18 16:00:39,134582470,0.00011854,0.01182436,1187602,sell
0,10.00000000,0.0011854,2017-05-18 16:00:43,134582512,0.00011854,0.00118540,1187603,sell
0,262.70693437,0.0311412800002,2017-05-18 16:00:53,134582600,0.00011854,0.03114128,1187604,buy
0,634.47544705,0.0753058908104,2017-05-18 16:01:28,134583117,0.00011869,0.07530589,1187608,buy
1,45.96420000,0.005454571614,2017-05-18 16:01:28,134583116,0.00011867,0.00545457,1187607,buy
2,8.00000000,0.00094904,2017-05-18 16:01:28,134583115,0.00011863,0.00094904,1187606,buy
3,207.45311073,0.0245914917459,2017-05-18 16:01:28,134583114,0.00011854,0.02459149,1187605,buy
0,722.25381760,0.0864393368904,2017-05-18 16:01:48,134583344,0.00011968,0.08643933,1187618,buy
1,8.00000000,0.0009572,2017-05-18 16:01:48,134583343,0.00011965,0.00095720,1187617,buy
2,2.26460475,0.00027021263877,2017-05-18 16:01:48,134583342,0.00011932,0.00027021,1187616,buy
3,85.72337013,0.0102216546543,2017-05-18 16:01:48,134583341,0.00011924,0.01022165,1187615,buy
4,9.61730138,0.00114580528641,2017-05-18 16:01:48,134583340,0.00011914,0.00114580,1187614,buy
5,85.00000000,0.01011075,2017-05-18 16:01:48,134583339,0.00011895,0.01011075,1187613,buy
6,33.33330000,0.003964996035,2017-05-18 16:01:48,134583338,0.00011895,0.00396499,1187612,buy
7,5.50000000,0.000653895,2017-05-18 16:01:48,134583337,0.00011889,0.00065389,1187611,buy
8,14.22259686,0.00168836447325,2017-05-18 16:01:48,134583336,0.00011871,0.00168836,1187610,buy
9,333.06611789,0.0395316175324,2017-05-18 16:01:48,134583335,0.00011869,0.03953161,1187609,buy
0,5000.00000000,0.5927,2017-05-18 16:02:02,134583500,0.00011854,0.59270000,1187619,sell
0,1274.75142347,0.151109033738,2017-05-18 16:02:19,134583649,0.00011854,0.15110903,1187620,sell
0,984.69891412,0.11672620928,2017-05-18 16:02:22,134583667,0.00011854,0.11672620,1187621,sell
0,5.00000000,0.00059305,2017-05-18 16:02:32,134583787,0.00011861,0.00059305,1187624,buy
1,3.44951906,0.000409147455707,2017-05-18 16:02:32,134583786,0.00011861,0.00040914,1187623,buy
2,1134.96597226,0.134538866352,2017-05-18 16:02:30,134583767,0.00011854,0.13453886,1187622,sell
0,1.00127820,0.000118761607302,2017-05-18 16:02:36,134583819,0.00011861,0.00011876,1187625,sell
0,730.51733668,0.0872237699996,2017-05-18 16:02:54,134584010,0.00011940,0.08722376,1187626,buy
0,338.12723796,0.0401052716944,2017-05-18 16:03:00,134584068,0.00011861,0.04010527,1187627,sell
0,37.34626387,0.00445914390608,2017-05-18 16:03:07,134584130,0.00011940,0.00445914,1187628,buy
0,8.43933984,0.00100681324291,2017-05-18 16:03:16,134584184,0.00011930,0.00100681,1187629,buy
0,834.44523099,0.0995493160571,2017-05-18 16:04:00,134584611,0.00011930,0.09954931,1187630,buy
0,112.61207041,0.0134244849136,2017-05-18 16:04:14,134584742,0.00011921,0.01342448,1187631,buy
0,2700.00000000,0.320247,2017-05-18 16:04:27,134584835,0.00011861,0.32024700,1187632,sell
0,7.59841436,0.000905806975856,2017-05-18 16:04:58,134585253,0.00011921,0.00090580,1187635,buy
1,877.38792959,0.104593415086,2017-05-18 16:04:58,134585252,0.00011921,0.10459341,1187634,buy
2,10.00000000,0.0011921,2017-05-18 16:04:57,134585244,0.00011921,0.00119210,1187633,buy
0,12.01288967,0.00143205657756,2017-05-18 16:05:09,134585361,0.00011921,0.00143205,1187639,sell
1,1229.34478628,0.146550191972,2017-05-18 16:05:08,134585350,0.00011921,0.14655019,1187638,sell
2,1245.95114510,0.14864197161,2017-05-18 16:05:07,134585349,0.00011930,0.14864197,1187637,buy
3,429.13639945,0.0511573501784,2017-05-18 16:05:07,134585345,0.00011921,0.05115735,1187636,sell
0,4204.79098089,0.501253132832,2017-05-18 16:05:13,134585392,0.00011921,0.50125313,1187640,sell
0,8.38223007,0.00100000004735,2017-05-18 16:05:24,134585506,0.00011930,0.00100000,1187641,buy
0,4670.34309838,0.558993365445,2017-05-18 16:05:29,134585565,0.00011969,0.55899336,1187645,buy
1,2887.29250436,0.345522293997,2017-05-18 16:05:29,134585564,0.00011967,0.34552229,1187644,buy
2,384.03896079,0.0458542519183,2017-05-18 16:05:29,134585563,0.00011940,0.04585425,1187643,buy
3,413.24230504,0.0492998069913,2017-05-18 16:05:29,134585562,0.00011930,0.04929980,1187642,buy
0,8.38223007,0.00100000004735,2017-05-18 16:05:33,134585631,0.00011930,0.00100000,1187646,buy
0,71.12537408,0.00848525712774,2017-05-18 16:05:37,134585668,0.00011930,0.00848525,1187647,buy
0,0.98005699,0.000117303021133,2017-05-18 16:06:00,134585872,0.00011969,0.00011730,1187648,buy
0,939.29150305,0.1124238,2017-05-18 16:06:18,134586031,0.00011969,0.11242380,1187650,buy
1,11862.57414989,1.4198315,2017-05-18 16:06:16,134586008,0.00011969,1.41983150,1187649,buy
0,100.00000000,0.011921,2017-05-18 16:06:34,134586202,0.00011921,0.01192100,1187653,sell
1,2239.72859976,0.266998046377,2017-05-18 16:06:34,134586201,0.00011921,0.26699804,1187652,sell
2,1830.28481912,0.21906679,2017-05-18 16:06:30,134586186,0.00011969,0.21906679,1187651,buy
0,8.38855840,0.00100000004686,2017-05-18 16:06:38,134586223,0.00011921,0.00100000,1187654,buy
0,8.38855840,0.00100000004686,2017-05-18 16:06:43,134586247,0.00011921,0.00100000,1187655,buy
0,6302.23995322,0.754315100001,2017-05-18 16:06:48,134586281,0.00011969,0.75431510,1187657,buy
1,8.38855840,0.00100000004686,2017-05-18 16:06:46,134586265,0.00011921,0.00100000,1187656,buy
0,116.98340494,0.013735021574,2017-05-18 16:06:55,134586400,0.00011741,0.01373502,1187676,sell
1,13.87755450,0.00162978000048,2017-05-18 16:06:55,134586399,0.00011744,0.00162978,1187675,sell
2,84.22471153,0.00992082877112,2017-05-18 16:06:55,134586398,0.00011779,0.00992082,1187674,sell
3,1.00476342,0.000118461607218,2017-05-18 16:06:55,134586397,0.00011790,0.00011846,1187673,sell
4,5.52200000,0.00065126468,2017-05-18 16:06:55,134586396,0.00011794,0.00065126,1187672,sell
5,39.59535137,0.00467027169409,2017-05-18 16:06:55,134586395,0.00011795,0.00467027,1187671,sell
6,88.98066978,0.0104952700006,2017-05-18 16:06:55,134586394,0.00011795,0.01049527,1187670,sell
7,215.71594603,0.0254544816315,2017-05-18 16:06:55,134586393,0.00011800,0.02545448,1187669,sell
8,1500.00000000,0.177,2017-05-18 16:06:55,134586392,0.00011800,0.17700000,1187668,sell
9,4.02974324,0.000475549999752,2017-05-18 16:06:55,134586391,0.00011801,0.00047554,1187667,sell
10,5.00000000,0.00059065,2017-05-18 16:06:55,134586390,0.00011813,0.00059065,1187666,sell
11,84.22471153,0.00996041438554,2017-05-18 16:06:55,134586389,0.00011826,0.00996041,1187665,sell
12,4.27821456,0.000506070000302,2017-05-18 16:06:55,134586388,0.00011829,0.00050607,1187664,sell
13,41.55467040,0.00492589062922,2017-05-18 16:06:55,134586387,0.00011854,0.00492589,1187663,sell
14,43.47997001,0.00515715924289,2017-05-18 16:06:55,134586386,0.00011861,0.00515715,1187662,sell
15,84.22471153,0.00999999999996,2017-05-18 16:06:55,134586385,0.00011873,0.00999999,1187661,sell
16,3.43523185,0.000408929999424,2017-05-18 16:06:55,134586384,0.00011904,0.00040892,1187660,sell
17,12.58409541,0.00149989833192,2017-05-18 16:06:55,134586383,0.00011919,0.00149989,1187659,sell
18,8.38855840,0.00100000004686,2017-05-18 16:06:54,134586375,0.00011921,0.00100000,1187658,buy
0,5575.80122160,0.654654821428,2017-05-18 16:06:57,134586408,0.00011741,0.65465482,1187677,sell
0,12.58283701,0.00149999999996,2017-05-18 16:07:03,134586488,0.00011921,0.00149999,1187679,buy
1,12.58283701,0.00149999999996,2017-05-18 16:07:02,134586459,0.00011921,0.00149999,1187678,buy
0,8.38855840,0.00100000004686,2017-05-18 16:07:07,134586517,0.00011921,0.00100000,1187680,buy
0,203.31571253,0.0243328244756,2017-05-18 16:07:26,134586698,0.00011968,0.02433282,1187683,buy
1,0.05720918,6.8199063478e-06,2017-05-18 16:07:26,134586697,0.00011921,0.00000681,1187682,buy
2,5.50000000,0.000653895,2017-05-18 16:07:26,134586696,0.00011889,0.00065389,1187681,buy
0,8.40972203,0.00100000004659,2017-05-18 16:07:33,134586775,0.00011891,0.00100000,1187684,buy
0,8.40972203,0.00100000004659,2017-05-18 16:07:41,134586866,0.00011891,0.00100000,1187685,buy
0,8.40972203,0.00100000004659,2017-05-18 16:07:46,134586944,0.00011891,0.00100000,1187686,buy
0,8.40972203,0.00100000004659,2017-05-18 16:07:51,134586970,0.00011891,0.00100000,1187687,buy
0,8.40972203,0.00100000004659,2017-05-18 16:07:57,134587008,0.00011891,0.00100000,1187688,buy
0,8.41042933,0.00100000004734,2017-05-18 16:08:02,134587027,0.00011890,0.00100000,1187689,buy
0,8.41042933,0.00100000004734,2017-05-18 16:08:08,134587090,0.00011890,0.00100000,1187690,buy
0,8.41042894,0.00100000000097,2017-05-18 16:08:14,134587130,0.00011890,0.00100000,1187691,buy
0,4596.14623687,0.537841032639,2017-05-18 16:08:20,134587215,0.00011702,0.53784103,1187705,sell
1,170.88224982,0.0200000585189,2017-05-18 16:08:20,134587214,0.00011704,0.02000005,1187704,sell
2,4.53368046,0.000530621961038,2017-05-18 16:08:20,134587213,0.00011704,0.00053062,1187703,sell
3,3.67597760,0.000430236418304,2017-05-18 16:08:20,134587212,0.00011704,0.00043023,1187702,sell
4,3.97570848,0.000465316920499,2017-05-18 16:08:20,134587211,0.00011704,0.00046531,1187701,sell
5,4.03709983,0.000472502164103,2017-05-18 16:08:20,134587210,0.00011704,0.00047250,1187700,sell
6,4.00493924,0.00046873808865,2017-05-18 16:08:20,134587209,0.00011704,0.00046873,1187699,sell
7,351.57473070,0.0411518222284,2017-05-18 16:08:20,134587208,0.00011705,0.04115182,1187698,sell
8,5.00000000,0.0005853,2017-05-18 16:08:20,134587207,0.00011706,0.00058530,1187697,sell
9,8.87470147,0.00104047000034,2017-05-18 16:08:20,134587206,0.00011724,0.00104047,1187696,sell
10,84.22471153,0.0098812431567,2017-05-18 16:08:20,134587205,0.00011732,0.00988124,1187695,sell
11,50.00000000,0.005867,2017-05-18 16:08:20,134587204,0.00011734,0.00586700,1187694,sell
12,5.52200000,0.00065126468,2017-05-18 16:08:20,134587203,0.00011794,0.00065126,1187693,sell
13,8.41042933,0.00100000004734,2017-05-18 16:08:16,134587147,0.00011890,0.00100000,1187692,buy
0,38.06904772,0.0044898634881,2017-05-18 16:08:25,134587370,0.00011794,0.00448986,1187707,buy
1,8.41042933,0.00100000004734,2017-05-18 16:08:21,134587242,0.00011890,0.00100000,1187706,buy
0,38.14156258,0.00446332565311,2017-05-18 16:08:30,134587445,0.00011702,0.00446332,1187713,sell
1,12.71833135,0.00149999999942,2017-05-18 16:08:30,134587444,0.00011794,0.00149999,1187712,sell
2,12.71833135,0.00149999999942,2017-05-18 16:08:30,134587443,0.00011794,0.00149999,1187711,sell
3,10.00000000,0.0011794,2017-05-18 16:08:30,134587442,0.00011794,0.00117940,1187710,sell
4,445.07171576,0.0529190270039,2017-05-18 16:08:26,134587393,0.00011890,0.05291902,1187709,buy
5,24.37134937,0.0028743569447,2017-05-18 16:08:26,134587392,0.00011794,0.00287435,1187708,buy
0,8.42601994,0.00100000004648,2017-05-18 16:08:41,134587557,0.00011868,0.00100000,1187714,buy
0,8.42601994,0.00100000004648,2017-05-18 16:08:44,134587615,0.00011868,0.00100000,1187715,buy
0,10.00000000,0.0011868,2017-05-18 16:08:51,134587671,0.00011868,0.00118680,1187716,buy
0,249.06682791,0.0295592511364,2017-05-18 16:08:57,134587713,0.00011868,0.02955925,1187719,buy
1,10.00000000,0.0011868,2017-05-18 16:08:55,134587696,0.00011868,0.00118680,1187718,buy
2,8.42601994,0.00100000004648,2017-05-18 16:08:52,134587680,0.00011868,0.00100000,1187717,buy
0,57.88910038,0.00677418252647,2017-05-18 16:08:58,134587730,0.00011702,0.00677418,1187722,sell
1,42.66888524,0.00499353963964,2017-05-18 16:08:58,134587729,0.00011703,0.00499353,1187721,sell
2,7.33111476,0.000857960360363,2017-05-18 16:08:57,134587721,0.00011703,0.00085796,1187720,sell
0,12.46580126,0.00147919197751,2017-05-18 16:09:33,134588046,0.00011866,0.00147919,1187723,buy
0,8.42744014,0.00100000004701,2017-05-18 16:09:34,134588059,0.00011866,0.00100000,1187724,buy
0,8.42815042,0.00100000004733,2017-05-18 16:09:43,134588145,0.00011865,0.00100000,1187725,buy
0,8.43170360,0.00100000004696,2017-05-18 16:09:49,134588190,0.00011860,0.00100000,1187726,buy
0,8.43170360,0.00100000004696,2017-05-18 16:09:51,134588208,0.00011860,0.00100000,1187727,buy
0,8.43170360,0.00100000004696,2017-05-18 16:09:55,134588238,0.00011860,0.00100000,1187728,buy
0,3.00000000,0.00035451,2017-05-18 16:10:05,134588313,0.00011817,0.00035451,1187732,sell
1,8.43170360,0.00100000004696,2017-05-18 16:10:04,134588308,0.00011860,0.00100000,1187731,buy
2,357.22914496,0.0423638043008,2017-05-18 16:10:02,134588280,0.00011859,0.04236380,1187730,buy
3,8.43241460,0.00100000004741,2017-05-18 16:10:01,134588275,0.00011859,0.00100000,1187729,buy
0,871.77500000,0.103392515,2017-05-18 16:10:08,134588337,0.00011860,0.10339251,1187733,buy
0,2202.24592745,0.261186366996,2017-05-18 16:10:14,134588369,0.00011860,0.26118636,1187735,buy
1,10280.04003556,1.214792331,2017-05-18 16:10:13,134588367,0.00011817,1.21479233,1187734,sell
0,4313.39501296,0.51269013124,2017-05-18 16:10:28,134588664,0.00011886,0.51269013,1187736,buy
0,868.23808065,0.103207460647,2017-05-18 16:10:42,134588758,0.00011887,0.10320746,1187738,sell
1,6380.49750738,0.758449738702,2017-05-18 16:10:39,134588743,0.00011887,0.75844973,1187737,buy
0,2.08886326,0.000248344952981,2017-05-18 16:10:53,134588866,0.00011889,0.00024834,1187741,buy
1,2.91113674,0.000346105047019,2017-05-18 16:10:52,134588844,0.00011889,0.00034610,1187740,buy
2,5.50000000,0.000653895,2017-05-18 16:10:52,134588843,0.00011889,0.00065389,1187739,buy
0,782.15023220,0.0929898411063,2017-05-18 16:10:57,134588898,0.00011889,0.09298984,1187743,sell
1,8.41042933,0.00100000004734,2017-05-18 16:10:56,134588883,0.00011890,0.00100000,1187742,buy
0,841.32592967,0.100000000001,2017-05-18 16:11:04,134588937,0.00011886,0.10000000,1187746,sell
1,42.67441334,0.00507356100199,2017-05-18 16:11:04,134588936,0.00011889,0.00507356,1187745,sell
2,8.41042933,0.00100000004734,2017-05-18 16:11:03,134588930,0.00011890,0.00100000,1187744,buy
0,837.21202701,0.0995445100115,2017-05-18 16:11:05,134588958,0.00011890,0.09954451,1187748,buy
1,1649.70660162,0.196084126669,2017-05-18 16:11:05,134588957,0.00011886,0.19608412,1187747,buy
0,500.49263010,0.0596587215079,2017-05-18 16:11:36,134589255,0.00011920,0.05965872,1187749,buy
0,1000.00000000,0.11925,2017-05-18 16:11:48,134589358,0.00011925,0.11925000,1187750,buy
0,23.10393516,0.00275606842524,2017-05-18 16:11:57,134589434,0.00011929,0.00275606,1187751,buy
0,8196.86545003,0.980918888405,2017-05-18 16:12:03,134589464,0.00011967,0.98091888,1187753,buy
1,192.39629493,0.0229509540222,2017-05-18 16:12:03,134589463,0.00011929,0.02295095,1187752,buy
0,4661.48057157,0.55783938,2017-05-18 16:12:18,134589614,0.00011967,0.55783937,1187755,buy
1,464.90543024,0.0556352328368,2017-05-18 16:12:17,134589611,0.00011967,0.05563523,1187754,buy
0,2230.48132364,0.2669217,2017-05-18 16:12:25,134589656,0.00011967,0.26692169,1187756,buy
0,12.14754178,0.00144822993101,2017-05-18 16:12:34,134589744,0.00011922,0.00144822,1187757,sell
0,24.66007417,0.00293997404255,2017-05-18 16:12:38,134589764,0.00011922,0.00293997,1187758,sell
0,6.11895136,0.000732254909251,2017-05-18 16:12:50,134589847,0.00011967,0.00073225,1187760,sell
1,1671.26263892,0.2,2017-05-18 16:12:50,134589846,0.00011967,0.19999999,1187759,sell
0,3676.47058823,0.439963235293,2017-05-18 16:13:00,134589955,0.00011967,0.43996323,1187761,buy
0,501.37879167,0.0599999999991,2017-05-18 16:13:04,134589969,0.00011967,0.05999999,1187762,buy
0,119.79540307,0.01428081,2017-05-18 16:13:20,134590209,0.00011921,0.01428080,1187763,sell
0,39.59861081,0.00472055039466,2017-05-18 16:13:26,134590273,0.00011921,0.00472055,1187765,sell
1,80.20459693,0.00956119000003,2017-05-18 16:13:25,134590266,0.00011921,0.00956119,1187764,buy
0,17456.03848739,2.07726858,2017-05-18 16:13:37,134590395,0.00011900,2.07726857,1187771,sell
1,8.40265563,0.00100000004653,2017-05-18 16:13:36,134590387,0.00011901,0.00100000,1187770,buy
2,1564.69874653,0.187247498997,2017-05-18 16:13:34,134590365,0.00011967,0.18724749,1187769,buy
3,480.68583029,0.0573025578289,2017-05-18 16:13:34,134590364,0.00011921,0.05730255,1187768,buy
4,343.65120045,0.0409666596056,2017-05-18 16:13:34,134590361,0.00011921,0.04096665,1187767,sell
5,42.66296926,0.00508627919518,2017-05-18 16:13:34,134590360,0.00011922,0.00508627,1187766,sell
0,782.90163882,0.093173124036,2017-05-18 16:13:40,134590427,0.00011901,0.09317312,1187772,buy
0,8.40336174,0.00100000004706,2017-05-18 16:13:47,134590483,0.00011900,0.00100000,1187774,buy
1,2.18932242,0.00026052936798,2017-05-18 16:13:46,134590474,0.00011900,0.00026052,1187773,buy
0,1675.33088236,0.199364375001,2017-05-18 16:13:53,134590554,0.00011900,0.19936437,1187776,buy
1,8.40336174,0.00100000004706,2017-05-18 16:13:52,134590550,0.00011900,0.00100000,1187775,buy
0,8.40336174,0.00100000004706,2017-05-18 16:13:56,134590573,0.00011900,0.00100000,1187777,buy
0,8.40336174,0.00100000004706,2017-05-18 16:14:01,134590606,0.00011900,0.00100000,1187778,buy
0,8.40336174,0.00100000004706,2017-05-18 16:14:11,134590704,0.00011900,0.00100000,1187779,buy
0,500.00000000,0.0595,2017-05-18 16:14:36,134590915,0.00011900,0.05950000,1187782,buy
1,3957.18521133,0.470905040148,2017-05-18 16:14:36,134590914,0.00011900,0.47090504,1187781,buy
2,8.40336174,0.00100000004706,2017-05-18 16:14:31,134590844,0.00011900,0.00100000,1187780,buy
0,100.00000000,0.0119,2017-05-18 16:15:49,134591478,0.00011900,0.01190000,1187783,sell
0,5.00000000,0.0005984,2017-05-18 16:15:59,134591566,0.00011968,0.00059840,1187786,buy
1,237.92770676,0.028475187945,2017-05-18 16:15:59,134591565,0.00011968,0.02847518,1187785,buy
2,0.00000001,1.1901e-12,2017-05-18 16:15:59,134591564,0.00011901,0.00000000,1187784,buy
0,100.00000000,0.0119,2017-05-18 16:16:19,134591761,0.00011900,0.01190000,1187787,sell
0,2940.00000000,0.34986,2017-05-18 16:16:31,134591848,0.00011900,0.34986000,1187789,sell
1,587.21159539,0.0698781798514,2017-05-18 16:16:31,134591847,0.00011900,0.06987817,1187788,sell
0,753.42630100,0.089657729819,2017-05-18 16:16:36,134591884,0.00011900,0.08965772,1187792,buy
1,8992.50413569,1.07010799215,2017-05-18 16:16:33,134591866,0.00011900,1.07010799,1187791,buy
2,8.40336174,0.00100000004706,2017-05-18 16:16:32,134591854,0.00011900,0.00100000,1187790,buy
0,8.40336174,0.00100000004706,2017-05-18 16:16:39,134591920,0.00011900,0.00100000,1187793,buy
0,8.40336174,0.00100000004706,2017-05-18 16:16:43,134591954,0.00011900,0.00100000,1187794,buy
0,8.41892614,0.00100000004691,2017-05-18 16:16:50,134592022,0.00011878,0.00100000,1187797,buy
1,51.84083884,0.00615765483742,2017-05-18 16:16:50,134592020,0.00011878,0.00615765,1187796,buy
2,42.74812102,0.00507762181476,2017-05-18 16:16:48,134591985,0.00011878,0.00507762,1187795,sell
0,100.00000000,0.011878,2017-05-18 16:16:54,134592040,0.00011878,0.01187800,1187799,buy
1,8.41892614,0.00100000004691,2017-05-18 16:16:53,134592037,0.00011878,0.00100000,1187798,buy
0,1019.42681214,0.121311790645,2017-05-18 16:16:59,134592084,0.00011900,0.12131179,1187801,buy
1,280.57318786,0.033326483254,2017-05-18 16:16:59,134592083,0.00011878,0.03332648,1187800,buy
0,8.40336174,0.00100000004706,2017-05-18 16:17:07,134592160,0.00011900,0.00100000,1187803,buy
1,8.40336174,0.00100000004706,2017-05-18 16:17:03,134592119,0.00011900,0.00100000,1187802,buy
0,8.40336174,0.00100000004706,2017-05-18 16:17:12,134592270,0.00011900,0.00100000,1187804,buy
0,8.40406796,0.00100000004656,2017-05-18 16:17:20,134592332,0.00011899,0.00100000,1187805,buy
0,15.03435764,0.00178893821558,2017-05-18 16:17:34,134592512,0.00011899,0.00178893,1187808,buy
1,8.40406796,0.00100000004656,2017-05-18 16:17:32,134592490,0.00011899,0.00100000,1187807,buy
2,80.55810672,0.0095686919162,2017-05-18 16:17:30,134592469,0.00011878,0.00956869,1187806,sell
0,2.84526403,0.00033858641957,2017-05-18 16:17:38,134592557,0.00011900,0.00033858,1187812,buy
1,2.84526403,0.00033858641957,2017-05-18 16:17:36,134592532,0.00011900,0.00033858,1187811,buy
2,8.40336174,0.00100000004706,2017-05-18 16:17:35,134592527,0.00011900,0.00100000,1187810,buy
3,25.00000000,0.002975,2017-05-18 16:17:35,134592518,0.00011900,0.00297500,1187809,buy
0,164.54705883,0.0195811000008,2017-05-18 16:17:45,134592610,0.00011900,0.01958110,1187816,buy
1,8.40336174,0.00100000004706,2017-05-18 16:17:43,134592603,0.00011900,0.00100000,1187815,buy
2,10528.01887455,1.25283424607,2017-05-18 16:17:42,134592586,0.00011900,1.25283424,1187814,buy
3,8.40336174,0.00100000004706,2017-05-18 16:17:40,134592578,0.00011900,0.00100000,1187813,buy
0,8.40336174,0.00100000004706,2017-05-18 16:17:49,134592661,0.00011900,0.00100000,1187825,buy
1,15444.40428705,1.822903038,2017-05-18 16:17:48,134592660,0.00011803,1.82290303,1187824,sell
2,5.00000000,0.0005906,2017-05-18 16:17:48,134592659,0.00011812,0.00059060,1187823,sell
3,5.00000000,0.00059065,2017-05-18 16:17:48,134592658,0.00011813,0.00059065,1187822,sell
4,84.19634588,0.00995958575415,2017-05-18 16:17:48,134592657,0.00011829,0.00995958,1187821,sell
5,84.19634588,0.0100000000002,2017-05-18 16:17:48,134592656,0.00011877,0.01000000,1187820,sell
6,81.10109517,0.00963318808429,2017-05-18 16:17:48,134592655,0.00011878,0.00963318,1187819,sell
7,840.40675687,0.1,2017-05-18 16:17:48,134592654,0.00011899,0.09999999,1187818,sell
8,8.40406796,0.00100000004656,2017-05-18 16:17:48,134592653,0.00011899,0.00100000,1187817,sell
0,97.91800285,0.0116522423391,2017-05-18 16:17:53,134592715,0.00011900,0.01165224,1187827,buy
1,8.40336174,0.00100000004706,2017-05-18 16:17:52,134592700,0.00011900,0.00100000,1187826,buy
0,8.40336174,0.00100000004706,2017-05-18 16:17:59,134592773,0.00011900,0.00100000,1187829,buy
1,100.00000000,0.0119,2017-05-18 16:17:58,134592762,0.00011900,0.01190000,1187828,buy
0,718.11375627,0.0854483558586,2017-05-18 16:18:09,134592875,0.00011899,0.08544835,1187830,buy
0,8.40336134,0.000999915965847,2017-05-18 16:18:17,134592942,0.00011899,0.00099991,1187832,buy
1,10389.48138330,1.2362443898,2017-05-18 16:18:13,134592908,0.00011899,1.23624438,1187831,buy
0,840.40675687,0.1,2017-05-18 16:18:27,134593033,0.00011899,0.09999999,1187833,buy
0,4136.22473973,0.488157243783,2017-05-18 16:18:39,134593170,0.00011802,0.48815724,1187837,sell
1,9752.46623740,1.15108359,2017-05-18 16:18:39,134593169,0.00011803,1.15108359,1187836,sell
2,42.99550623,0.00507475960033,2017-05-18 16:18:39,134593168,0.00011803,0.00507475,1187835,sell
3,15443.09588275,1.822903038,2017-05-18 16:18:39,134593167,0.00011804,1.82290303,1187834,sell
0,10.92436974,0.00129989075536,2017-05-18 16:18:46,134593282,0.00011899,0.00129989,1187838,buy
0,1665.31749727,0.198139475825,2017-05-18 16:18:53,134593360,0.00011898,0.19813947,1187839,buy
0,3247.71607800,0.3863807818,2017-05-18 16:18:55,134593371,0.00011897,0.38638078,1187840,buy
0,5621.05370151,0.663509178926,2017-05-18 16:19:03,134593435,0.00011804,0.66350917,1187843,sell
1,2940.00000000,0.347067,2017-05-18 16:19:03,134593434,0.00011805,0.34706700,1187842,sell
2,3288.94629849,0.388293,2017-05-18 16:19:03,134593433,0.00011806,0.38829299,1187841,sell
0,4114.13563150,0.485632569942,2017-05-18 16:19:13,134593534,0.00011804,0.48563256,1187845,sell
1,110.05340890,0.0130721439091,2017-05-18 16:19:13,134593533,0.00011878,0.01307214,1187844,sell
0,99.85000000,0.011786294,2017-05-18 16:19:16,134593569,0.00011804,0.01178629,1187846,sell
0,3744.68614427,0.445392969999,2017-05-18 16:19:21,134593622,0.00011894,0.44539296,1187847,sell
0,12.45115649,0.00148118957605,2017-05-18 16:19:36,134593809,0.00011896,0.00148118,1187849,buy
1,8.40548077,0.000999579773168,2017-05-18 16:19:36,134593803,0.00011892,0.00099957,1187848,buy
0,8.40689405,0.00100000004725,2017-05-18 16:19:40,134593853,0.00011895,0.00100000,1187853,buy
1,1725.31050245,0.205156671846,2017-05-18 16:19:38,134593837,0.00011891,0.20515667,1187852,buy
2,12.45220316,0.00148069147776,2017-05-18 16:19:38,134593831,0.00011891,0.00148069,1187851,buy
3,3.49999999,0.00041635999881,2017-05-18 16:19:37,134593826,0.00011896,0.00041635,1187850,buy
0,8.40830780,0.00100000004665,2017-05-18 16:19:45,134593995,0.00011893,0.00100000,1187855,buy
1,2018.08655652,0.238214937132,2017-05-18 16:19:45,134593993,0.00011804,0.23821493,1187854,sell
0,8.40477431,0.0010000000474,2017-05-18 16:19:59,134594117,0.00011898,0.00100000,1187857,buy
1,5.00000000,0.00059485,2017-05-18 16:19:58,134594115,0.00011897,0.00059485,1187856,buy
0,8.40477431,0.0010000000474,2017-05-18 16:20:06,134594180,0.00011898,0.00100000,1187860,buy
1,1200.00000000,0.142764,2017-05-18 16:20:04,134594164,0.00011897,0.14276400,1187859,buy
2,2282.40158517,0.269414683113,2017-05-18 16:20:03,134594148,0.00011804,0.26941468,1187858,sell
0,8.40477431,0.0010000000474,2017-05-18 16:20:18,134594413,0.00011898,0.00100000,1187863,buy
1,340.73954326,0.0405411908571,2017-05-18 16:20:17,134594405,0.00011898,0.04054119,1187862,buy
2,8.40477431,0.0010000000474,2017-05-18 16:20:13,134594370,0.00011898,0.00100000,1187861,buy
0,509.58935281,0.0601570230992,2017-05-18 16:20:28,134594483,0.00011805,0.06015702,1187866,buy
1,382.64876700,0.0451716869444,2017-05-18 16:20:27,134594471,0.00011805,0.04517168,1187865,buy
2,8.47098727,0.00100000004722,2017-05-18 16:20:25,134594466,0.00011805,0.00100000,1187864,buy
0,349.17847652,0.0415452551363,2017-05-18 16:20:36,134594581,0.00011898,0.04154525,1187867,buy
0,837.80700000,0.09968227686,2017-05-18 16:20:46,134594683,0.00011898,0.09968227,1187868,buy
0,2684.76586963,0.319433443169,2017-05-18 16:20:56,134594754,0.00011898,0.31943344,1187869,buy
0,4201.68067226,0.499999999999,2017-05-18 16:21:11,134594954,0.00011900,0.49999999,1187871,buy
1,4.29700937,0.000511258174843,2017-05-18 16:21:07,134594926,0.00011898,0.00051125,1187870,sell
0,1829.57177415,0.217719041124,2017-05-18 16:21:30,134595084,0.00011900,0.21771904,1187874,buy
1,282.30999056,0.0335920657767,2017-05-18 16:21:30,134595083,0.00011899,0.03359206,1187873,buy
2,226.26018355,0.0269226992406,2017-05-18 16:21:29,134595075,0.00011899,0.02692269,1187872,sell
0,901.81235294,0.10731567,2017-05-18 16:21:36,134595137,0.00011900,0.10731566,1187875,buy
0,1500.00000000,0.17847,2017-05-18 16:21:46,134595212,0.00011898,0.17847000,1187876,sell
0,42.01680672,0.00499999999968,2017-05-18 16:22:07,134595572,0.00011900,0.00499999,1187877,buy
0,2.00000000,0.00023796,2017-05-18 16:22:28,134595816,0.00011898,0.00023796,1187879,sell
1,13.32407679,0.00158529865647,2017-05-18 16:22:28,134595815,0.00011898,0.00158529,1187878,sell
0,8.40477431,0.0010000000474,2017-05-18 16:22:32,134595855,0.00011898,0.00100000,1187880,buy
0,8.40477431,0.0010000000474,2017-05-18 16:22:39,134595971,0.00011898,0.00100000,1187881,buy
0,8.40477431,0.0010000000474,2017-05-18 16:22:43,134595997,0.00011898,0.00100000,1187882,buy
0,33.69925851,0.00397853445969,2017-05-18 16:22:49,134596056,0.00011806,0.00397853,1187884,sell
1,8.40477431,0.0010000000474,2017-05-18 16:22:46,134596021,0.00011898,0.00100000,1187883,buy
0,8.40477431,0.0010000000474,2017-05-18 16:22:55,134596108,0.00011898,0.00100000,1187885,buy
0,8.40477431,0.0010000000474,2017-05-18 16:22:58,134596139,0.00011898,0.00100000,1187886,buy
0,8.40477431,0.0010000000474,2017-05-18 16:23:04,134596199,0.00011898,0.00100000,1187887,buy
0,8.40477431,0.0010000000474,2017-05-18 16:23:11,134596312,0.00011898,0.00100000,1187889,buy
1,8.40477431,0.0010000000474,2017-05-18 16:23:07,134596261,0.00011898,0.00100000,1187888,buy
0,8.40477431,0.000995965755735,2017-05-18 16:23:14,134596376,0.00011850,0.00099596,1187890,buy
0,10.00000000,0.001185,2017-05-18 16:23:21,134596456,0.00011850,0.00118500,1187892,buy
1,8.43881896,0.00100000004676,2017-05-18 16:23:18,134596419,0.00011850,0.00100000,1187891,buy
0,8.43881896,0.00100000004676,2017-05-18 16:23:23,134596476,0.00011850,0.00100000,1187893,buy
0,559.34448736,0.0665508071061,2017-05-18 16:23:30,134596537,0.00011898,0.06655080,1187897,buy
1,879.18081251,0.104182926282,2017-05-18 16:23:30,134596536,0.00011850,0.10418292,1187896,buy
2,12.48004956,0.00147888587286,2017-05-18 16:23:29,134596526,0.00011850,0.00147888,1187895,buy
3,10.00000000,0.001185,2017-05-18 16:23:27,134596507,0.00011850,0.00118500,1187894,buy
0,127.31892428,0.0151484056108,2017-05-18 16:23:35,134596590,0.00011898,0.01514840,1187899,buy
1,8.40477431,0.0010000000474,2017-05-18 16:23:33,134596578,0.00011898,0.00100000,1187898,buy
0,12.48004956,0.00147901067336,2017-05-18 16:23:54,134596774,0.00011851,0.00147901,1187900,sell
0,8.43881896,0.00100000004676,2017-05-18 16:23:57,134596812,0.00011850,0.00100000,1187902,buy
1,10.00000000,0.001185,2017-05-18 16:23:55,134596790,0.00011850,0.00118500,1187901,buy
0,8.43881896,0.00100000004676,2017-05-18 16:24:01,134596885,0.00011850,0.00100000,1187903,buy
0,12.51139907,0.00148260078979,2017-05-18 16:24:10,134596998,0.00011850,0.00148260,1187907,buy
1,8.43881896,0.00100000004676,2017-05-18 16:24:07,134596951,0.00011850,0.00100000,1187906,buy
2,12.51139907,0.00148260078979,2017-05-18 16:24:07,134596946,0.00011850,0.00148260,1187905,buy
3,12.51139907,0.00148260078979,2017-05-18 16:24:07,134596932,0.00011850,0.00148260,1187904,buy
0,2884.11498971,0.343180842626,2017-05-18 16:24:10,134597004,0.00011899,0.34318084,1187911,buy
1,5.00000000,0.0005949,2017-05-18 16:24:10,134597003,0.00011898,0.00059490,1187910,buy
2,410.96476847,0.0488965881526,2017-05-18 16:24:10,134597002,0.00011898,0.04889658,1187909,buy
3,313.66929636,0.0371698116187,2017-05-18 16:24:10,134597001,0.00011850,0.03716981,1187908,buy
0,942.21117429,0.112104285517,2017-05-18 16:24:50,134597543,0.00011898,0.11210428,1187912,buy
0,497.00000000,0.05889947,2017-05-18 16:24:57,134597623,0.00011851,0.05889947,1187914,sell
1,840.47739115,0.099999999999,2017-05-18 16:24:55,134597601,0.00011898,0.09999999,1187913,buy
0,167.00000000,0.01979117,2017-05-18 16:25:08,134597704,0.00011851,0.01979117,1187916,sell
1,147.00186412,0.017490281793,2017-05-18 16:25:03,134597677,0.00011898,0.01749028,1187915,buy
0,433.95900000,0.05142848109,2017-05-18 16:25:08,134597707,0.00011851,0.05142848,1187917,sell
0,12.65715973,0.0014999999996,2017-05-18 16:25:18,134597781,0.00011851,0.00149999,1187920,buy
1,12.65715973,0.0014999999996,2017-05-18 16:25:15,134597770,0.00011851,0.00149999,1187919,buy
2,11.13162878,0.00131920932672,2017-05-18 16:25:13,134597746,0.00011851,0.00131920,1187918,buy
0,3713.69115996,0.441929248035,2017-05-18 16:25:22,134597913,0.00011900,0.44192924,1187922,buy
1,373.40570065,0.044252309584,2017-05-18 16:25:22,134597912,0.00011851,0.04425230,1187921,buy
0,4219.40928270,0.5,2017-05-18 16:26:16,134598361,0.00011850,0.49999999,1187929,sell
1,1426.53720286,0.16975792714,2017-05-18 16:26:13,134598329,0.00011900,0.16975792,1187928,buy
2,300.00000000,0.0357,2017-05-18 16:26:13,134598328,0.00011900,0.03570000,1187927,buy
3,6013.45030726,0.715600586564,2017-05-18 16:26:13,134598327,0.00011900,0.71560058,1187926,buy
4,211.52519844,0.0251693833624,2017-05-18 16:26:13,134598326,0.00011899,0.02516938,1187925,buy
5,300.00000000,0.035673,2017-05-18 16:26:13,134598325,0.00011891,0.03567300,1187924,buy
6,100.00000000,0.011891,2017-05-18 16:26:13,134598324,0.00011891,0.01189100,1187923,buy
0,2132.30982661,0.253744869367,2017-05-18 16:26:30,134598483,0.00011900,0.25374486,1187932,buy
1,5.00000000,0.0005925,2017-05-18 16:26:30,134598482,0.00011850,0.00059250,1187931,buy
2,6114.20288195,0.724533041511,2017-05-18 16:26:30,134598481,0.00011850,0.72453304,1187930,buy
0,501.01202504,0.0596204309798,2017-05-18 16:26:37,134598558,0.00011900,0.05962043,1187933,buy
0,1.24266802,0.000148101174624,2017-05-18 16:26:42,134598605,0.00011918,0.00014810,1187937,buy
1,168.14010274,0.0200389374446,2017-05-18 16:26:42,134598604,0.00011918,0.02003893,1187936,buy
2,67.22680672,0.00799998999968,2017-05-18 16:26:42,134598603,0.00011900,0.00799998,1187935,buy
3,5940.14094549,0.706876772513,2017-05-18 16:26:42,134598602,0.00011900,0.70687677,1187934,buy
0,522.00000000,0.06222762,2017-05-18 16:26:52,134598717,0.00011921,0.06222762,1187938,sell
0,2054.31775736,0.244895219855,2017-05-18 16:26:58,134598805,0.00011921,0.24489521,1187940,buy
1,1552.76218559,0.185104780144,2017-05-18 16:26:56,134598788,0.00011921,0.18510478,1187939,sell
0,3545.11416100,0.424279262788,2017-05-18 16:27:54,134599414,0.00011968,0.42427926,1187942,buy
1,419.42790034,0.0499999999995,2017-05-18 16:27:54,134599399,0.00011921,0.04999999,1187941,sell
0,25.31751336,0.00302999999892,2017-05-18 16:28:04,134599476,0.00011968,0.00302999,1187943,buy
0,21.39205603,0.00255014699934,2017-05-18 16:28:22,134599654,0.00011921,0.00255014,1187944,sell
0,3123.03937113,0.373765351937,2017-05-18 16:28:40,134599805,0.00011968,0.37376535,1187945,buy
0,90.00000000,0.0107712,2017-05-18 16:29:13,134600268,0.00011968,0.01077120,1187946,buy
0,4970.55998478,0.592540455786,2017-05-18 16:29:52,134600639,0.00011921,0.59254045,1187947,sell
0,5995.56271781,0.717548946068,2017-05-18 16:30:37,134601078,0.00011968,0.71754894,1187950,buy
1,5.00000000,0.00059835,2017-05-18 16:30:37,134601077,0.00011967,0.00059835,1187949,buy
2,164.13569119,0.0196421181647,2017-05-18 16:30:37,134601076,0.00011967,0.01964211,1187948,buy
0,1028.49759200,0.12208266417,2017-05-18 16:31:11,134601372,0.00011870,0.12208266,1187952,buy
1,84.22471153,0.00999999999996,2017-05-18 16:31:07,134601356,0.00011873,0.00999999,1187951,sell
0,24.70757886,0.00292191827598,2017-05-18 16:31:15,134601406,0.00011826,0.00292191,1187953,sell
0,200.00000000,0.023652,2017-05-18 16:31:27,134601590,0.00011826,0.02365200,1187955,buy
1,59.51713267,0.00703849610955,2017-05-18 16:31:26,134601579,0.00011826,0.00703849,1187954,sell
0,90.30789800,0.0106798120175,2017-05-18 16:31:28,134601612,0.00011826,0.01067981,1187956,buy
0,1508.54321948,0.178068441627,2017-05-18 16:32:12,134602298,0.00011804,0.17806844,1187958,sell
1,5.00000000,0.00059055,2017-05-18 16:32:12,134602297,0.00011811,0.00059055,1187957,sell
0,932.02772804,0.110631691318,2017-05-18 16:32:51,134602708,0.00011870,0.11063169,1187960,buy
1,67.97227196,0.0080282050412,2017-05-18 16:32:51,134602707,0.00011811,0.00802820,1187959,buy
0,8.48009233,0.00100658695957,2017-05-18 16:33:05,134602832,0.00011870,0.00100658,1187961,buy
0,1503.01603504,0.178408003359,2017-05-18 16:34:32,134603871,0.00011870,0.17840800,1187962,buy
0,4626.18834260,0.546075271961,2017-05-18 16:34:54,134604072,0.00011804,0.54607527,1187963,sell
0,97.15796903,0.011469498244,2017-05-18 16:35:02,134604201,0.00011805,0.01146949,1187964,sell
0,26.95404810,0.00319944550947,2017-05-18 16:35:16,134604361,0.00011870,0.00319944,1187965,buy
0,66.00000000,0.0077913,2017-05-18 16:35:38,134604577,0.00011805,0.00779130,1187966,sell
0,16.45310142,0.00195298313855,2017-05-18 16:35:44,134604649,0.00011870,0.00195298,1187967,buy
0,168.19674895,0.0200406426374,2017-05-18 16:35:48,134604841,0.00011915,0.02004064,1187977,buy
1,0.85731943,0.000102149610084,2017-05-18 16:35:48,134604840,0.00011915,0.00010214,1187976,buy
2,0.85768801,0.000102150641991,2017-05-18 16:35:48,134604839,0.00011910,0.00010215,1187975,buy
3,0.85798311,0.000102151469077,2017-05-18 16:35:48,134604838,0.00011906,0.00010215,1187974,buy
4,0.85827841,0.000102143713574,2017-05-18 16:35:48,134604837,0.00011901,0.00010214,1187973,buy
5,0.85864781,0.000102144743478,2017-05-18 16:35:48,134604836,0.00011896,0.00010214,1187972,buy
6,0.85894356,0.000102145568155,2017-05-18 16:35:48,134604835,0.00011892,0.00010214,1187971,buy
7,5.00000000,0.0005935,2017-05-18 16:35:48,134604834,0.00011870,0.00059350,1187970,buy
8,759.18032303,0.0901147043437,2017-05-18 16:35:48,134604833,0.00011870,0.09011470,1187969,buy
9,44.98250611,0.00533942347526,2017-05-18 16:35:47,134604828,0.00011870,0.00533942,1187968,buy
0,58.25269479,0.0069611970274,2017-05-18 16:36:04,134604983,0.00011950,0.00696119,1187986,buy
1,0.85482146,0.00010215116447,2017-05-18 16:36:04,134604982,0.00011950,0.00010215,1187985,buy
2,0.85511459,0.000102143437776,2017-05-18 16:36:04,134604981,0.00011945,0.00010214,1187984,buy
3,0.85540791,0.000102144258533,2017-05-18 16:36:04,134604980,0.00011941,0.00010214,1187983,buy
4,0.85577485,0.000102145286096,2017-05-18 16:36:04,134604979,0.00011936,0.00010214,1187982,buy
5,0.85606863,0.000102146108932,2017-05-18 16:36:04,134604978,0.00011932,0.00010214,1187981,buy
6,0.85636261,0.000102146932121,2017-05-18 16:36:04,134604977,0.00011928,0.00010214,1187980,buy
7,0.85673036,0.000102147960823,2017-05-18 16:36:04,134604976,0.00011923,0.00010214,1187979,buy
8,0.85702480,0.000102148785912,2017-05-18 16:36:04,134604975,0.00011919,0.00010214,1187978,buy
0,589.72822547,0.0698827947182,2017-05-18 16:37:13,134605795,0.00011850,0.06988279,1187987,sell
0,251.71503697,0.0300799469179,2017-05-18 16:37:37,134606084,0.00011950,0.03007994,1187988,buy
0,7.82609200,0.000935217994,2017-05-18 16:37:42,134606131,0.00011950,0.00093521,1187989,buy
0,400.43745152,0.0474518380051,2017-05-18 16:37:54,134606284,0.00011850,0.04745183,1187990,sell
0,1770.82600000,0.209842881,2017-05-18 16:38:17,134606526,0.00011850,0.20984288,1187991,sell
0,300.00000000,0.03585,2017-05-18 16:38:23,134606654,0.00011950,0.03585000,1187992,buy
0,143.58030613,0.0170142662764,2017-05-18 16:38:50,134606893,0.00011850,0.01701426,1187993,sell
0,4.11493500,0.0004876197975,2017-05-18 16:39:26,134607223,0.00011850,0.00048761,1187994,buy
0,66.85528297,0.00798853776209,2017-05-18 16:39:32,134607263,0.00011949,0.00798853,1187996,buy
1,351.55475887,0.0416592389261,2017-05-18 16:39:32,134607262,0.00011850,0.04165923,1187995,buy
0,18.21172776,0.00217611935004,2017-05-18 16:39:48,134607393,0.00011949,0.00217611,1187997,buy
0,126.45166960,0.0151097100005,2017-05-18 16:39:52,134607416,0.00011949,0.01510971,1187998,buy
0,0.85990617,0.000102827579809,2017-05-18 16:41:05,134608015,0.00011958,0.00010282,1188008,sell
1,14932.90883090,1.785677238,2017-05-18 16:41:05,134608001,0.00011958,1.78567723,1188007,buy
2,0.85445535,0.000102150137092,2017-05-18 16:41:05,134608000,0.00011955,0.00010215,1188006,buy
3,5.00000000,0.0005975,2017-05-18 16:41:05,134607999,0.00011950,0.00059750,1188005,buy
4,252.32336374,0.0301526419669,2017-05-18 16:41:05,134607998,0.00011950,0.03015264,1188004,buy
5,0.85960976,0.000102714770222,2017-05-18 16:41:04,134607997,0.00011949,0.00010271,1188003,sell
6,170.62592645,0.0203880919515,2017-05-18 16:41:03,134607996,0.00011949,0.02038809,1188002,buy
7,5.00000000,0.00059745,2017-05-18 16:41:03,134607995,0.00011949,0.00059745,1188001,buy
8,127.12613044,0.0151903013263,2017-05-18 16:41:03,134607994,0.00011949,0.01519030,1188000,buy
9,0.85923952,0.000102146394138,2017-05-18 16:41:03,134607993,0.00011888,0.00010214,1187999,buy
0,0.86057386,0.000102829970531,2017-05-18 16:41:09,134608066,0.00011949,0.00010282,1188012,sell
1,0.86020279,0.000102785631377,2017-05-18 16:41:08,134608051,0.00011949,0.00010278,1188011,sell
2,161.85101595,0.0193395778959,2017-05-18 16:41:06,134608019,0.00011949,0.01933957,1188010,sell
3,301.89215072,0.0361002633831,2017-05-18 16:41:06,134608018,0.00011958,0.03610026,1188009,sell
0,0.86183787,0.000102981007086,2017-05-18 16:41:16,134608106,0.00011949,0.00010298,1188016,sell
1,0.86154013,0.000102945430134,2017-05-18 16:41:14,134608092,0.00011949,0.00010294,1188015,sell
2,0.86116822,0.000102900990608,2017-05-18 16:41:13,134608089,0.00011949,0.00010290,1188014,sell
3,0.86087094,0.000102865468621,2017-05-18 16:41:12,134608083,0.00011949,0.00010286,1188013,sell
0,0.86347918,0.000103177127218,2017-05-18 16:41:23,134608148,0.00011949,0.00010317,1188021,sell
1,0.86310561,0.000103132489339,2017-05-18 16:41:22,134608135,0.00011949,0.00010313,1188020,sell
2,0.86280698,0.00010309680604,2017-05-18 16:41:21,134608129,0.00011949,0.00010309,1188019,sell
3,0.86250856,0.000103061147834,2017-05-18 16:41:20,134608127,0.00011949,0.00010306,1188018,sell
4,0.86213583,0.000103016610327,2017-05-18 16:41:18,134608117,0.00011949,0.00010301,1188017,sell
0,0.86475176,0.000103329187802,2017-05-18 16:41:29,134608244,0.00011949,0.00010332,1188025,sell
1,0.86445199,0.000103293368285,2017-05-18 16:41:27,134608223,0.00011949,0.00010329,1188024,sell
2,0.86407757,0.000103248628839,2017-05-18 16:41:25,134608176,0.00011949,0.00010324,1188023,sell
3,0.86377828,0.000103212866677,2017-05-18 16:41:24,134608173,0.00011949,0.00010321,1188022,sell
0,0.86602808,0.000103559637806,2017-05-18 16:41:35,134608304,0.00011958,0.00010355,1188029,sell
1,0.86572743,0.000103445770611,2017-05-18 16:41:33,134608272,0.00011949,0.00010344,1188028,sell
2,0.86542699,0.000103409871035,2017-05-18 16:41:31,134608261,0.00011949,0.00010340,1188027,sell
3,0.86505173,0.000103365031218,2017-05-18 16:41:30,134608251,0.00011949,0.00010336,1188026,sell
0,0.86738360,0.000103721730888,2017-05-18 16:41:40,134608349,0.00011958,0.00010372,1188033,sell
1,0.86700664,0.000103676654011,2017-05-18 16:41:38,134608343,0.00011958,0.00010367,1188032,sell
2,0.86670532,0.000103640622166,2017-05-18 16:41:37,134608319,0.00011958,0.00010364,1188031,sell
3,0.86640420,0.000103604614236,2017-05-18 16:41:36,134608314,0.00011958,0.00010360,1188030,sell
0,109.54441608,0.0130894622774,2017-05-18 16:41:47,134608414,0.00011949,0.01308946,1188037,sell
1,3000.00000000,0.35847,2017-05-18 16:41:47,134608413,0.00011949,0.35847000,1188036,sell
2,88.14458216,0.0105323961223,2017-05-18 16:41:47,134608412,0.00011949,0.01053239,1188035,sell
3,1186.47042204,0.141878133068,2017-05-18 16:41:47,134608411,0.00011958,0.14187813,1188034,sell
0,10.44515306,0.00124809133914,2017-05-18 16:42:08,134608685,0.00011949,0.00124809,1188038,sell
0,5.00000000,0.00059795,2017-05-18 16:43:44,134609781,0.00011959,0.00059795,1188042,buy
1,0.85416267,0.000102149313705,2017-05-18 16:43:44,134609780,0.00011959,0.00010214,1188041,buy
2,79.98956914,0.00955795361654,2017-05-18 16:43:43,134609775,0.00011949,0.00955795,1188040,sell
3,0.01043086,1.2463834614e-06,2017-05-18 16:43:43,134609774,0.00011949,0.00000124,1188039,sell
0,844.14583733,0.100951400686,2017-05-18 16:44:21,134610237,0.00011959,0.10095140,1188044,sell
1,9.18896055,0.00109899968178,2017-05-18 16:44:17,134610209,0.00011960,0.00109899,1188043,buy
0,35.71379042,0.00427101219633,2017-05-18 16:44:53,134610570,0.00011959,0.00427101,1188045,buy
0,25.00000000,0.00298725,2017-05-18 16:45:11,134610740,0.00011949,0.00298725,1188046,sell
0,62.38845413,0.00745479638399,2017-05-18 16:45:16,134610773,0.00011949,0.00745479,1188047,sell
0,2103.79592646,0.250982854027,2017-05-18 16:46:16,134611279,0.00011930,0.25098285,1188048,buy
0,732.01887697,0.0875421374968,2017-05-18 16:46:32,134611464,0.00011959,0.08754213,1188049,buy
0,1418.88379569,0.169542424747,2017-05-18 16:46:38,134611507,0.00011949,0.16954242,1188051,sell
1,201.30481230,0.024074042503,2017-05-18 16:46:38,134611506,0.00011959,0.02407404,1188050,sell
0,2328.23507006,0.278456914379,2017-05-18 16:46:58,134611713,0.00011960,0.27845691,1188055,buy
1,470.88804949,0.056318210719,2017-05-18 16:46:56,134611705,0.00011960,0.05631821,1188054,buy
2,4420.23049827,0.528659567593,2017-05-18 16:46:54,134611689,0.00011960,0.52865956,1188053,buy
3,3913.10283506,0.467224478506,2017-05-18 16:46:54,134611688,0.00011940,0.46722447,1188052,buy
0,1128.00000000,0.1345704,2017-05-18 16:49:04,134613055,0.00011930,0.13457040,1188057,sell
1,3513.00184409,0.41910112,2017-05-18 16:49:04,134613054,0.00011930,0.41910111,1188056,sell
0,500.00000000,0.059555,2017-05-18 16:49:12,134613120,0.00011911,0.05955500,1188058,sell
0,15340.42782126,1.822903038,2017-05-18 16:49:23,134613209,0.00011883,1.82290303,1188061,sell
1,30.00000000,0.00357,2017-05-18 16:49:23,134613208,0.00011900,0.00357000,1188060,sell
2,83.96305626,0.0100000000006,2017-05-18 16:49:23,134613207,0.00011910,0.01000000,1188059,sell
0,5860.91973569,0.696511701389,2017-05-18 16:49:37,134613322,0.00011884,0.69651170,1188062,sell
0,836.19031692,0.1,2017-05-18 16:50:55,134614187,0.00011959,0.10000000,1188063,buy
0,1005.94355456,0.120310849125,2017-05-18 16:51:26,134614549,0.00011960,0.12031084,1188067,buy
1,5.00000000,0.00059795,2017-05-18 16:51:26,134614548,0.00011959,0.00059795,1188066,buy
2,5018.86849904,0.6002064838,2017-05-18 16:51:26,134614547,0.00011959,0.60020648,1188065,buy
3,4155.97477973,0.496638986178,2017-05-18 16:51:26,134614546,0.00011950,0.49663898,1188064,buy
0,24.60877926,0.0029432099995,2017-05-18 16:51:48,134614884,0.00011960,0.00294320,1188068,buy
0,418.44505816,0.0499999999995,2017-05-18 16:52:02,134615065,0.00011949,0.04999999,1188069,sell
0,81.55494184,0.00974500000046,2017-05-18 16:52:40,134615478,0.00011949,0.00974500,1188070,sell
0,1480.39422719,0.174775342462,2017-05-18 16:53:36,134616049,0.00011806,0.17477534,1188074,sell
1,83.96305626,0.00992023509712,2017-05-18 16:53:36,134616048,0.00011815,0.00992023,1188073,sell
2,83.96305626,0.00995969773356,2017-05-18 16:53:36,134616047,0.00011862,0.00995969,1188072,sell
3,200.00000000,0.0238,2017-05-18 16:53:36,134616046,0.00011900,0.02380000,1188071,sell
0,5.00000000,0.0005964,2017-05-18 16:55:33,134617217,0.00011928,0.00059640,1188076,buy
1,251.51133504,0.0300002720436,2017-05-18 16:55:33,134617216,0.00011928,0.03000027,1188075,buy
0,250.51243423,0.0299788230043,2017-05-18 16:55:36,134617239,0.00011967,0.02997882,1188083,buy
1,0.85387020,0.000102148492026,2017-05-18 16:55:36,134617238,0.00011963,0.00010214,1188082,buy
2,5672.83845925,0.678471479726,2017-05-18 16:55:36,134617237,0.00011960,0.67847147,1188081,buy
3,10.12379376,0.0012108057337,2017-05-18 16:55:36,134617236,0.00011960,0.00121080,1188080,buy
4,5.00000000,0.000598,2017-05-18 16:55:36,134617235,0.00011960,0.00059800,1188079,buy
5,615.57308783,0.0736225413045,2017-05-18 16:55:36,134617234,0.00011960,0.07362254,1188078,buy
6,413.44505816,0.0494025499995,2017-05-18 16:55:36,134617233,0.00011949,0.04940254,1188077,buy
0,898.30608961,0.106206728975,2017-05-18 16:55:49,134617396,0.00011823,0.10620672,1188085,sell
1,1.69391039,0.000202066570423,2017-05-18 16:55:49,134617395,0.00011929,0.00020206,1188084,sell
0,1.69136953,0.00020238927796,2017-05-18 16:56:05,134617526,0.00011966,0.00020238,1188086,buy
0,50.00000000,0.005983,2017-05-18 16:56:27,134617901,0.00011966,0.00598300,1188087,sell
0,2.75253935,0.000328295368275,2017-05-18 16:56:45,134618093,0.00011927,0.00032829,1188088,buy
0,276.78731947,0.0326775109366,2017-05-18 16:57:54,134618630,0.00011806,0.03267751,1188090,sell
1,713.26186533,0.0842076958209,2017-05-18 16:57:53,134618617,0.00011806,0.08420769,1188089,sell
0,9556.60403262,1.14363880458,2017-05-18 16:58:00,134618709,0.00011967,1.14363880,1188094,buy
1,897.40778353,0.107383815377,2017-05-18 16:58:00,134618708,0.00011966,0.10738381,1188093,buy
2,5.00000000,0.00059635,2017-05-18 16:58:00,134618707,0.00011927,0.00059635,1188092,buy
3,178.85554612,0.0213321009857,2017-05-18 16:58:00,134618706,0.00011927,0.02133210,1188091,buy
0,129.52285451,0.0154999999992,2017-05-18 16:58:05,134618757,0.00011967,0.01549999,1188095,buy
0,1341.49408904,0.160536597635,2017-05-18 16:58:09,134618784,0.00011967,0.16053659,1188096,buy
0,198.00000000,0.02361546,2017-05-18 16:58:18,134618850,0.00011927,0.02361546,1188097,sell
0,0.85121845,0.000101873824096,2017-05-18 16:58:25,134618911,0.00011968,0.00010187,1188098,buy
0,3400.34038031,0.406986740119,2017-05-18 16:58:37,134619013,0.00011969,0.40698674,1188102,buy
1,0.85350489,0.000102147465235,2017-05-18 16:58:37,134619012,0.00011968,0.00010214,1188101,buy
2,319.91200001,0.0382870681612,2017-05-18 16:58:37,134619011,0.00011968,0.03828706,1188100,buy
3,278.89411479,0.0333780476581,2017-05-18 16:58:37,134619010,0.00011968,0.03337804,1188099,buy
0,2.00000000,0.00023854,2017-05-18 16:58:46,134619108,0.00011927,0.00023854,1188106,sell
1,115.52557008,0.0137798899991,2017-05-18 16:58:46,134619107,0.00011928,0.01377988,1188105,sell
2,250.51102254,0.0299786540674,2017-05-18 16:58:46,134619106,0.00011967,0.02997865,1188104,sell
3,16.71262638,0.00199999999889,2017-05-18 16:58:46,134619105,0.00011967,0.00199999,1188103,sell
0,83.89965601,0.00999999999983,2017-05-18 16:58:55,134619163,0.00011919,0.00999999,1188107,sell
0,83.89965601,0.00995972816495,2017-05-18 16:59:42,134619559,0.00011871,0.00995972,1188108,sell
0,1684.45982636,0.200501253132,2017-05-18 16:59:48,134619618,0.00011903,0.20050125,1188116,buy
1,100.00000000,0.011804,2017-05-18 16:59:47,134619611,0.00011804,0.01180400,1188115,sell
2,5.00000000,0.0005902,2017-05-18 16:59:47,134619610,0.00011804,0.00059020,1188114,sell
3,4.23585225,0.00049999999959,2017-05-18 16:59:47,134619609,0.00011804,0.00049999,1188113,sell
4,1197.86685275,0.141396203299,2017-05-18 16:59:47,134619608,0.00011804,0.14139620,1188112,sell
5,469.55658801,0.0554358507805,2017-05-18 16:59:47,134619607,0.00011806,0.05543585,1188111,sell
6,83.89965601,0.00992029532662,2017-05-18 16:59:47,134619606,0.00011824,0.00992029,1188110,sell
7,1684.45982636,0.200501253132,2017-05-18 16:59:44,134619575,0.00011903,0.20050125,1188109,buy
0,1684.45982636,0.200501253132,2017-05-18 16:59:53,134619647,0.00011903,0.20050125,1188117,buy
0,419.21690282,0.0498993879427,2017-05-18 17:00:00,134619704,0.00011903,0.04989938,1188119,buy
1,550.79028577,0.0655605677152,2017-05-18 16:59:57,134619684,0.00011903,0.06556056,1188118,buy
0,251.95129783,0.0299897629807,2017-05-18 17:00:10,134619879,0.00011903,0.02998976,1188120,buy
0,367.00306009,0.0439229262316,2017-05-18 17:00:32,134620132,0.00011968,0.04392292,1188125,buy
1,251.32141959,0.0300002378565,2017-05-18 17:00:32,134620131,0.00011937,0.03000023,1188124,buy
2,612.75078100,0.0730827856499,2017-05-18 17:00:32,134620130,0.00011927,0.07308278,1188123,buy
3,0.10747616,1.27928873248e-05,2017-05-18 17:00:32,134620129,0.00011903,0.00001279,1188122,buy
4,42.89744434,0.00510608279979,2017-05-18 17:00:30,134620103,0.00011903,0.00510608,1188121,buy
0,912.22599345,0.10858226,2017-05-18 17:01:26,134620738,0.00011903,0.10858226,1188131,sell
1,1655.04494666,0.197000000001,2017-05-18 17:01:26,134620737,0.00011903,0.19700000,1188130,sell
2,214.80534320,0.0255682800011,2017-05-18 17:01:26,134620736,0.00011903,0.02556828,1188129,sell
3,311.30098379,0.0372596147498,2017-05-18 17:01:23,134620717,0.00011969,0.03725961,1188128,buy
4,5.00000000,0.0005984,2017-05-18 17:01:23,134620716,0.00011968,0.00059840,1188127,buy
5,644.25862854,0.0771048726637,2017-05-18 17:01:23,134620715,0.00011968,0.07710487,1188126,buy
0,692.70701232,0.0816285943318,2017-05-18 17:01:32,134620821,0.00011784,0.08162859,1188142,sell
1,5.00000000,0.00058965,2017-05-18 17:01:32,134620820,0.00011793,0.00058965,1188141,sell
2,5.00000000,0.0005897,2017-05-18 17:01:32,134620819,0.00011794,0.00058970,1188140,sell
3,5.52200000,0.00065126468,2017-05-18 17:01:32,134620818,0.00011794,0.00065126,1188139,sell
4,45.96420000,0.005422856316,2017-05-18 17:01:32,134620817,0.00011798,0.00542285,1188138,sell
5,42.10160000,0.004968409816,2017-05-18 17:01:32,134620816,0.00011801,0.00496840,1188137,sell
6,5.00000000,0.00059015,2017-05-18 17:01:32,134620815,0.00011803,0.00059015,1188136,sell
7,5.00000000,0.00059015,2017-05-18 17:01:32,134620814,0.00011803,0.00059015,1188135,sell
8,84.35259384,0.00996035428063,2017-05-18 17:01:32,134620813,0.00011808,0.00996035,1188134,sell
9,5.00000000,0.0005906,2017-05-18 17:01:32,134620812,0.00011812,0.00059060,1188133,sell
10,84.35259384,0.00999999999973,2017-05-18 17:01:32,134620811,0.00011855,0.00999999,1188132,sell
0,168.45212990,0.0200407498942,2017-05-18 17:01:42,134620937,0.00011897,0.02004074,1188143,buy
0,12189.18477836,1.43722677722,2017-05-18 17:01:51,134621004,0.00011791,1.43722677,1188146,sell
1,9177.64670963,1.0822281,2017-05-18 17:01:51,134621003,0.00011792,1.08222809,1188145,sell
2,2.73877666,0.000327776790669,2017-05-18 17:01:50,134620998,0.00011968,0.00032777,1188144,buy
0,5.50000000,0.000653895,2017-05-18 17:02:01,134621094,0.00011889,0.00065389,1188147,buy
0,258.51601334,0.0308642268327,2017-05-18 17:02:52,134621621,0.00011939,0.03086422,1188148,buy
0,1.09966639,0.000131267176974,2017-05-18 17:02:56,134621640,0.00011937,0.00013126,1188149,buy
0,8.38855840,0.00100000004686,2017-05-18 17:03:35,134621979,0.00011921,0.00100000,1188150,buy
0,8.38996599,0.00100000004635,2017-05-18 17:03:42,134622008,0.00011919,0.00100000,1188151,buy
0,8.39278260,0.000999916118964,2017-05-18 17:03:47,134622044,0.00011914,0.00099991,1188152,buy
0,8.39348705,0.00100000004714,2017-05-18 17:03:53,134622087,0.00011914,0.00100000,1188153,buy
0,8.39560110,0.00099991609101,2017-05-18 17:04:00,134622190,0.00011910,0.00099991,1188154,buy
0,8.40053803,0.000999916041711,2017-05-18 17:04:12,134622247,0.00011903,0.00099991,1188155,buy
0,91.78760738,0.01091997165,2017-05-18 17:04:21,134622331,0.00011897,0.01091997,1188158,buy
1,8.40477431,0.000999915999661,2017-05-18 17:04:20,134622324,0.00011897,0.00099991,1188157,buy
2,4189.75650714,0.498455331654,2017-05-18 17:04:19,134622321,0.00011897,0.49845533,1188156,buy
0,1006.45810618,0.119698062568,2017-05-18 17:04:28,134622379,0.00011893,0.11969806,1188160,buy
1,8.40760087,0.000999915971469,2017-05-18 17:04:26,134622367,0.00011893,0.00099991,1188159,buy
0,12.64053498,0.00150346523052,2017-05-18 17:04:45,134622528,0.00011894,0.00150346,1188162,buy
1,7.11670451,0.000846176166239,2017-05-18 17:04:42,134622511,0.00011890,0.00084617,1188161,sell
0,12.65876314,0.00150550670024,2017-05-18 17:04:52,134622574,0.00011893,0.00150550,1188166,buy
1,12.64387923,0.00150373655682,2017-05-18 17:04:49,134622556,0.00011893,0.00150373,1188165,buy
2,0.86784718,0.000103221743589,2017-05-18 17:04:47,134622542,0.00011894,0.00010322,1188164,sell
3,42.36102236,0.0050384199995,2017-05-18 17:04:47,134622541,0.00011894,0.00503841,1188163,sell
0,12.65892920,0.00150552644976,2017-05-18 17:04:54,134622597,0.00011893,0.00150552,1188167,buy
0,12.65892920,0.00150552644976,2017-05-18 17:05:16,134622668,0.00011893,0.00150552,1188168,buy
0,3622.78931194,0.423938805283,2017-05-18 17:05:22,134622838,0.00011702,0.42393880,1188187,sell
1,1000.00000000,0.11708,2017-05-18 17:05:22,134622837,0.00011708,0.11708000,1188186,sell
2,84.35259384,0.00988106284242,2017-05-18 17:05:22,134622836,0.00011714,0.00988106,1188185,sell
3,5.00000000,0.00058575,2017-05-18 17:05:22,134622835,0.00011715,0.00058575,1188184,sell
4,5.00000000,0.0005867,2017-05-18 17:05:22,134622834,0.00011734,0.00058670,1188183,sell
5,17.57903937,0.00206290027007,2017-05-18 17:05:22,134622833,0.00011735,0.00206290,1188182,sell
6,43.83416055,0.00514437708215,2017-05-18 17:05:22,134622832,0.00011736,0.00514437,1188181,sell
7,5.00000000,0.0005871,2017-05-18 17:05:22,134622831,0.00011742,0.00058710,1188180,sell
8,5.00000000,0.00058715,2017-05-18 17:05:22,134622830,0.00011743,0.00058715,1188179,sell
9,5.00000000,0.0005876,2017-05-18 17:05:22,134622829,0.00011752,0.00058760,1188178,sell
10,121.00000000,0.01421992,2017-05-18 17:05:22,134622828,0.00011752,0.01421992,1188177,sell
11,84.35259384,0.00992070856152,2017-05-18 17:05:22,134622827,0.00011761,0.00992070,1188176,sell
12,3.01200000,0.00035442204,2017-05-18 17:05:22,134622826,0.00011767,0.00035442,1188175,sell
13,5.00000000,0.00058855,2017-05-18 17:05:22,134622825,0.00011771,0.00058855,1188174,sell
14,5.00000000,0.0005886,2017-05-18 17:05:22,134622824,0.00011772,0.00058860,1188173,sell
15,6779.24216694,0.798391350001,2017-05-18 17:05:22,134622823,0.00011777,0.79839135,1188172,sell
16,811.37627291,0.0956125799997,2017-05-18 17:05:22,134622822,0.00011784,0.09561257,1188171,sell
17,4.24304141,0.000499999999754,2017-05-18 17:05:22,134622821,0.00011784,0.00049999,1188170,sell
18,5.52200000,0.00065126468,2017-05-18 17:05:22,134622820,0.00011794,0.00065126,1188169,sell
0,168.03097540,0.0199099902751,2017-05-18 17:05:35,134622942,0.00011849,0.01990999,1188188,buy
0,4.27277388,0.000499999999438,2017-05-18 17:06:07,134623175,0.00011702,0.00049999,1188190,buy
1,1.06819347,0.000124999999859,2017-05-18 17:06:05,134623162,0.00011702,0.00012499,1188189,sell
0,84.54831140,0.00989384340003,2017-05-18 17:06:13,134623219,0.00011702,0.00989384,1188194,buy
1,12.91436805,0.00151123934921,2017-05-18 17:06:12,134623212,0.00011702,0.00151123,1188193,buy
2,12.91436805,0.00151123934921,2017-05-18 17:06:11,134623205,0.00011702,0.00151123,1188192,buy
3,12.91436805,0.00151123934921,2017-05-18 17:06:10,134623196,0.00011702,0.00151123,1188191,buy
0,1.28785569,0.000153113162984,2017-05-18 17:06:14,134623224,0.00011889,0.00015311,1188197,buy
1,0.42115450,4.9902596705e-05,2017-05-18 17:06:14,134623223,0.00011849,0.00004990,1188196,buy
2,109.54660705,0.012819143957,2017-05-18 17:06:14,134623222,0.00011702,0.01281914,1188195,buy
0,5.00000000,0.00059435,2017-05-18 17:08:08,134624171,0.00011887,0.00059435,1188199,buy
1,1.91023407,0.000227069523901,2017-05-18 17:08:08,134624170,0.00011887,0.00022706,1188198,buy
0,181.97444889,0.0216313027396,2017-05-18 17:08:14,134624222,0.00011887,0.02163130,1188200,sell
0,1637.83635052,0.195983497703,2017-05-18 17:08:35,134624434,0.00011966,0.19598349,1188204,buy
1,5.00000000,0.00059535,2017-05-18 17:08:35,134624433,0.00011907,0.00059535,1188203,buy
2,4.21214431,0.000500781837016,2017-05-18 17:08:35,134624432,0.00011889,0.00050078,1188202,buy
3,1.05148048,0.000124999999462,2017-05-18 17:08:35,134624431,0.00011888,0.00012499,1188201,buy
0,63.28342240,0.00752250042069,2017-05-18 17:09:59,134625189,0.00011887,0.00752250,1188211,buy
1,8.41255192,0.00100000004673,2017-05-18 17:09:59,134625183,0.00011887,0.00100000,1188210,buy
2,63.28342240,0.00752250042069,2017-05-18 17:09:58,134625176,0.00011887,0.00752250,1188209,buy
3,231.74289338,0.0275472777361,2017-05-18 17:09:57,134625164,0.00011887,0.02754727,1188208,sell
4,2.25698183,0.00026830999995,2017-05-18 17:09:57,134625163,0.00011888,0.00026830,1188207,sell
5,50.00000000,0.0059445,2017-05-18 17:09:57,134625162,0.00011889,0.00594450,1188206,sell
6,10.99990100,0.00131206819128,2017-05-18 17:09:57,134625158,0.00011928,0.00131206,1188205,buy
0,63.28342240,0.00752250042069,2017-05-18 17:10:04,134625215,0.00011887,0.00752250,1188215,buy
1,3.00000000,0.00035517,2017-05-18 17:10:04,134625210,0.00011839,0.00035517,1188214,sell
2,8.41255192,0.00100000004673,2017-05-18 17:10:03,134625209,0.00011887,0.00100000,1188213,buy
3,63.28342240,0.00752250042069,2017-05-18 17:10:01,134625193,0.00011887,0.00752250,1188212,buy
0,1276.23056027,0.152624412703,2017-05-18 17:10:08,134625254,0.00011959,0.15262441,1188221,buy
1,0.00009900,1.180872e-08,2017-05-18 17:10:08,134625253,0.00011928,0.00000001,1188220,buy
2,2.99550000,0.00035658432,2017-05-18 17:10:08,134625252,0.00011904,0.00035658,1188219,buy
3,160.72963923,0.0191059322153,2017-05-18 17:10:08,134625251,0.00011887,0.01910593,1188218,buy
4,63.28342240,0.00752250042069,2017-05-18 17:10:08,134625247,0.00011887,0.00752250,1188217,buy
5,63.28342240,0.00752250042069,2017-05-18 17:10:06,134625236,0.00011887,0.00752250,1188216,buy
0,14.39955798,0.00172204313883,2017-05-18 17:10:16,134625380,0.00011959,0.00172204,1188223,buy
1,143.99557984,0.0172204313931,2017-05-18 17:10:13,134625274,0.00011959,0.01722043,1188222,buy
0,1672.38063383,0.2,2017-05-18 17:10:20,134625395,0.00011959,0.19999999,1188224,buy
0,82.92010445,0.00981774036688,2017-05-18 17:10:28,134625463,0.00011840,0.00981774,1188225,sell
0,50.00000000,0.0059795,2017-05-18 17:10:30,134625473,0.00011959,0.00597950,1188226,buy
0,83.75209380,0.00999999999972,2017-05-18 17:12:15,134626424,0.00011940,0.00999999,1188227,buy
0,79.67085427,0.00951269999984,2017-05-18 17:12:35,134626597,0.00011940,0.00951269,1188228,buy
0,50.00000000,0.00597,2017-05-18 17:12:43,134626660,0.00011940,0.00597000,1188229,buy
0,495.96547891,0.0586330389167,2017-05-18 17:13:01,134626804,0.00011822,0.05863303,1188232,buy
1,500.00000000,0.05911,2017-05-18 17:13:01,134626802,0.00011822,0.05911000,1188231,sell
2,1.69477163,0.000200355902099,2017-05-18 17:13:01,134626801,0.00011822,0.00020035,1188230,sell
0,63.63136310,0.00752249974568,2017-05-18 17:13:08,134626872,0.00011822,0.00752249,1188236,buy
1,366.92002199,0.0433772849997,2017-05-18 17:13:07,134626844,0.00011822,0.04337728,1188235,sell
2,422.94028083,0.0499999999997,2017-05-18 17:13:07,134626843,0.00011822,0.04999999,1188234,sell
3,63.63136310,0.00752313605931,2017-05-18 17:13:07,134626842,0.00011823,0.00752313,1188233,sell
0,1.69222948,0.00020007229142,2017-05-18 17:13:09,134626878,0.00011823,0.00020007,1188238,sell
1,80.81630882,0.0095541040287,2017-05-18 17:13:09,134626875,0.00011822,0.00955410,1188237,buy
0,410.42626728,0.0485246975805,2017-05-18 17:13:19,134626970,0.00011823,0.04852469,1188239,sell
0,80.61423406,0.00953021475057,2017-05-18 17:14:12,134627398,0.00011822,0.00953021,1188240,sell
0,27.70168058,0.0033145060814,2017-05-18 17:14:15,134627444,0.00011965,0.00331450,1188245,buy
1,5.00000000,0.00059785,2017-05-18 17:14:15,134627443,0.00011957,0.00059785,1188244,buy
2,1254.28231528,0.149761308444,2017-05-18 17:14:13,134627409,0.00011940,0.14976130,1188243,buy
3,499.25000000,0.059520585,2017-05-18 17:14:13,134627408,0.00011922,0.05952058,1188242,buy
4,509.46359037,0.0602287856535,2017-05-18 17:14:13,134627407,0.00011822,0.06022878,1188241,buy
0,768.00000000,0.0916992,2017-05-18 17:14:37,134627587,0.00011940,0.09169920,1188249,sell
1,778.99896813,0.0932305965058,2017-05-18 17:14:36,134627586,0.00011968,0.09323059,1188248,buy
2,5.00000000,0.00059825,2017-05-18 17:14:36,134627585,0.00011965,0.00059825,1188247,buy
3,886.84480797,0.106110981274,2017-05-18 17:14:36,134627584,0.00011965,0.10611098,1188246,buy
0,100.00000000,0.01194,2017-05-18 17:14:48,134627710,0.00011940,0.01194000,1188251,sell
1,50.00000000,0.0059835,2017-05-18 17:14:47,134627675,0.00011967,0.00598350,1188250,buy
0,405.01239513,0.0484718834492,2017-05-18 17:14:59,134627818,0.00011968,0.04847188,1188255,buy
1,62.85511130,0.00752249972038,2017-05-18 17:14:59,134627815,0.00011968,0.00752249,1188254,buy
2,1180.67178230,0.141302798906,2017-05-18 17:14:58,134627801,0.00011968,0.14130279,1188253,buy
3,65.41416346,0.00782811294126,2017-05-18 17:14:58,134627800,0.00011967,0.00782811,1188252,buy
0,500.00000000,0.05984,2017-05-18 17:15:58,134628256,0.00011968,0.05984000,1188256,buy
0,83.55614973,0.00999999999969,2017-05-18 17:16:14,134628387,0.00011968,0.00999999,1188257,buy
0,829.21294335,0.0992402050601,2017-05-18 17:16:23,134628489,0.00011968,0.09924020,1188258,buy
0,1000.00000000,0.11968,2017-05-18 17:16:53,134628837,0.00011968,0.11968000,1188259,buy
0,417.74584342,0.0499999999989,2017-05-18 17:17:35,134629252,0.00011969,0.04999999,1188264,buy
1,5.00000000,0.00059845,2017-05-18 17:17:35,134629251,0.00011969,0.00059845,1188263,buy
2,5.00000000,0.00059845,2017-05-18 17:17:35,134629250,0.00011969,0.00059845,1188262,buy
3,11439.92623902,1.36924477155,2017-05-18 17:17:35,134629249,0.00011969,1.36924477,1188261,buy
4,90.92278316,0.0108816386886,2017-05-18 17:17:35,134629248,0.00011968,0.01088163,1188260,buy
0,26249.08552263,3.14989026272,2017-05-18 17:17:48,134629373,0.00012000,3.14989026,1188282,buy
1,0.85131960,0.000102149838804,2017-05-18 17:17:48,134629372,0.00011999,0.00010214,1188281,buy
2,0.85161032,0.000102150657884,2017-05-18 17:17:48,134629371,0.00011995,0.00010215,1188280,buy
3,85.00000000,0.01019575,2017-05-18 17:17:48,134629370,0.00011995,0.01019575,1188279,buy
4,33.33330000,0.003998329335,2017-05-18 17:17:48,134629369,0.00011995,0.00399832,1188278,buy
5,416.94462975,0.0499999999996,2017-05-18 17:17:48,134629368,0.00011992,0.04999999,1188277,buy
6,3.42170975,0.00041033143322,2017-05-18 17:17:48,134629367,0.00011992,0.00041033,1188276,buy
7,2106.11429600,0.25252310409,2017-05-18 17:17:48,134629366,0.00011990,0.25252310,1188275,buy
8,5.00000000,0.0005995,2017-05-18 17:17:48,134629365,0.00011990,0.00059950,1188274,buy
9,0.85197401,0.000102143164059,2017-05-18 17:17:48,134629364,0.00011989,0.00010214,1188273,buy
10,0.85226518,0.000102143981823,2017-05-18 17:17:48,134629363,0.00011985,0.00010214,1188272,buy
11,5.50000000,0.000659175,2017-05-18 17:17:48,134629362,0.00011985,0.00065917,1188271,buy
12,5.99716149,0.000718699832962,2017-05-18 17:17:48,134629361,0.00011984,0.00071869,1188270,buy
13,0.85255655,0.000102144800255,2017-05-18 17:17:48,134629360,0.00011981,0.00010214,1188269,buy
14,16.84527080,0.00201755808372,2017-05-18 17:17:48,134629359,0.00011977,0.00201755,1188268,buy
15,0.85292105,0.000102145824948,2017-05-18 17:17:48,134629358,0.00011976,0.00010214,1188267,buy
16,5.00000000,0.0005986,2017-05-18 17:17:48,134629357,0.00011972,0.00059860,1188266,buy
17,0.85321287,0.000102146644796,2017-05-18 17:17:48,134629356,0.00011972,0.00010214,1188265,buy
0,1000.00000000,0.11972,2017-05-18 17:18:41,134629781,0.00011972,0.11972000,1188283,sell
0,1361.56988082,0.16337477,2017-05-18 17:19:11,134630071,0.00011999,0.16337476,1188284,buy
0,2084.21844100,0.250085370736,2017-05-18 17:19:16,134630101,0.00011999,0.25008537,1188285,buy
0,1858.81718359,0.221942771721,2017-05-18 17:19:23,134630172,0.00011940,0.22194277,1188287,sell
1,1154.15802697,0.13781801,2017-05-18 17:19:23,134630171,0.00011941,0.13781801,1188286,sell
0,3000.00000000,0.3582,2017-05-18 17:19:33,134630259,0.00011940,0.35820000,1188288,sell
0,43.89756950,0.00523434618718,2017-05-18 17:19:38,134630298,0.00011924,0.00523434,1188290,sell
1,10.18691076,0.00121631714474,2017-05-18 17:19:36,134630287,0.00011940,0.00121631,1188289,sell
0,39.96690551,0.00476565381301,2017-05-18 17:20:16,134630637,0.00011924,0.00476565,1188291,sell
0,8.38644789,0.0010000000464,2017-05-18 17:20:30,134630851,0.00011924,0.00100000,1188292,buy
0,6.67351560,0.000795750000144,2017-05-18 17:20:41,134630941,0.00011924,0.00079575,1188293,buy
0,1.00000000,0.00011924,2017-05-18 17:20:53,134631054,0.00011924,0.00011924,1188294,buy
0,1.10686758,0.00013171724202,2017-05-18 17:21:00,134631107,0.00011900,0.00013171,1188295,sell
0,199.70000000,0.023964,2017-05-18 17:21:12,134631197,0.00012000,0.02396400,1188306,buy
1,180.00000000,0.0216,2017-05-18 17:21:12,134631196,0.00012000,0.02160000,1188305,buy
2,84.71219574,0.0101654634888,2017-05-18 17:21:12,134631195,0.00012000,0.01016546,1188304,buy
3,49.92500000,0.005991,2017-05-18 17:21:12,134631194,0.00012000,0.00599100,1188303,buy
4,11.64165931,0.0013969991172,2017-05-18 17:21:12,134631193,0.00012000,0.00139699,1188302,buy
5,12160.10371639,1.45921244597,2017-05-18 17:21:12,134631192,0.00012000,1.45921244,1188301,buy
6,83.73867831,0.0100402675294,2017-05-18 17:21:12,134631191,0.00011990,0.01004026,1188300,buy
7,5.00000000,0.000597,2017-05-18 17:21:12,134631190,0.00011940,0.00059700,1188299,buy
8,71.81308924,0.00857448285526,2017-05-18 17:21:12,134631189,0.00011940,0.00857448,1188298,buy
9,17.15728775,0.00204171724225,2017-05-18 17:21:12,134631188,0.00011900,0.00204171,1188297,buy
10,32.84271225,0.00390828275775,2017-05-18 17:21:10,134631180,0.00011900,0.00390828,1188296,sell
0,3.80820896,0.00045793712744,2017-05-18 17:21:48,134631502,0.00012025,0.00045793,1188314,buy
1,0.84972414,0.000102145338869,2017-05-18 17:21:48,134631501,0.00012021,0.00010214,1188313,buy
2,0.85008622,0.000102146360195,2017-05-18 17:21:48,134631500,0.00012016,0.00010214,1188312,buy
3,0.85037610,0.000102147177132,2017-05-18 17:21:48,134631499,0.00012012,0.00010214,1188311,buy
4,16.89675617,0.00202930041602,2017-05-18 17:21:48,134631498,0.00012010,0.00202930,1188310,buy
5,0.85066619,0.000102147996095,2017-05-18 17:21:48,134631497,0.00012008,0.00010214,1188309,buy
6,0.85102907,0.000102149019272,2017-05-18 17:21:48,134631496,0.00012003,0.00010214,1188308,buy
7,12.56521927,0.00150807761679,2017-05-18 17:21:48,134631495,0.00012002,0.00150807,1188307,buy
0,25.00000000,0.0030005,2017-05-18 17:21:58,134631570,0.00012002,0.00300050,1188317,sell
1,25.00000000,0.0030005,2017-05-18 17:21:57,134631565,0.00012002,0.00300050,1188316,sell
2,25.00000000,0.0030005,2017-05-18 17:21:56,134631556,0.00012002,0.00300050,1188315,sell
0,25.00000000,0.0030005,2017-05-18 17:22:00,134631585,0.00012002,0.00300050,1188319,sell
1,25.00000000,0.0030005,2017-05-18 17:21:59,134631575,0.00012002,0.00300050,1188318,sell
0,50.38925367,0.00604771822547,2017-05-18 17:22:21,134631794,0.00012002,0.00604771,1188320,sell
0,499.91668055,0.0599999999996,2017-05-18 17:22:34,134631915,0.00012002,0.05999999,1188321,sell
0,0.84943470,0.000102144522675,2017-05-18 17:22:43,134631970,0.00012025,0.00010214,1188323,buy
1,1.23147817,0.000148085249942,2017-05-18 17:22:43,134631969,0.00012025,0.00014808,1188322,buy
0,49.64000000,0.00596921,2017-05-18 17:23:22,134632210,0.00012025,0.00596921,1188324,sell
0,114.64327374,0.0137858536672,2017-05-18 17:24:13,134632546,0.00012025,0.01378585,1188325,sell
0,0.84914546,0.000102143707383,2017-05-18 17:24:20,134632612,0.00012029,0.00010214,1188326,buy
0,212.00000000,0.02550148,2017-05-18 17:24:40,134632795,0.00012029,0.02550148,1188327,sell
0,5.00000000,0.00060155,2017-05-18 17:24:56,134632878,0.00012031,0.00060155,1188329,buy
1,117.66689168,0.014156503738,2017-05-18 17:24:56,134632877,0.00012031,0.01415650,1188328,buy
0,19.96902505,0.00240247340377,2017-05-18 17:25:03,134632929,0.00012031,0.00240247,1188331,sell
1,465.15717481,0.0559630597014,2017-05-18 17:25:03,134632922,0.00012031,0.05596305,1188330,sell
0,1982.70322565,0.238677814304,2017-05-18 17:25:10,134632964,0.00012038,0.23867781,1188334,buy
1,16.44799016,0.00197951561576,2017-05-18 17:25:10,134632963,0.00012035,0.00197951,1188333,buy
