,amount,amountBTC,date,globalTradeID,rate,total,tradeID,type
0,1336.68395444,0.250066834197,2017-05-18 15:46:41,134574616,0.00018708,0.25006683,7193877,buy
1,1259.86904541,0.235671103634,2017-05-18 15:46:39,134574600,0.00018706,0.2356711,7193876,sell
2,28.00192115,0.00523831938953,2017-05-18 15:46:39,134574599,0.00018707,0.00523831,7193875,sell
3,2169.29789138,0.406179337182,2017-05-18 15:46:38,134574594,0.00018724,0.40617933,7193874,buy
4,500.78648328,0.093687135292,2017-05-18 15:46:38,134574593,0.00018708,0.09368713,7193873,buy
5,0.53999144,0.000101016198681,2017-05-18 15:46:38,134574592,0.00018707,0.00010101,7193872,sell
6,816.62842,0.152774844814,2017-05-18 15:46:34,134574570,0.00018708,0.15277484,7193871,buy
7,12.10967535,0.00226741561253,2017-05-18 15:46:32,134574564,0.00018724,0.00226741,7193870,buy
8,50.0,0.0093625,2017-05-18 15:46:31,134574563,0.00018725,0.0093625,7193869,buy
9,1612.59868,0.30195910283,2017-05-18 15:46:31,134574560,0.00018725,0.3019591,7193868,buy
10,1600.11588783,0.299621699996,2017-05-18 15:46:31,134574558,0.00018725,0.29962169,7193867,buy
11,1194.95120745,0.223754613595,2017-05-18 15:46:31,134574557,0.00018725,0.22375461,7193866,buy
12,5000.0,0.93625,2017-05-18 15:46:31,134574556,0.00018725,0.93625,7193865,buy
13,188.93292064,0.0353776893898,2017-05-18 15:46:31,134574555,0.00018725,0.03537768,7193864,buy
14,5531.03154674,1.03435820956,2017-05-18 15:46:29,134574531,0.00018701,1.0343582,7193863,sell
15,1.0,0.00018707,2017-05-18 15:46:29,134574530,0.00018707,0.00018707,7193862,sell
16,888.01876303,0.16612167,2017-05-18 15:46:29,134574529,0.00018707,0.16612167,7193861,sell
17,500.76771363,0.0936836238659,2017-05-18 15:46:29,134574528,0.00018708,0.09368362,7193860,sell
18,0.01918965,3.589999722e-06,2017-05-18 15:46:26,134574518,0.00018708,3.58e-06,7193859,sell
19,816.628,0.15277476624,2017-05-18 15:46:26,134574517,0.00018708,0.15277476,7193858,sell
20,0.00047279,8.85299275e-08,2017-05-18 15:46:25,134574505,0.00018725,8e-08,7193857,buy
21,9420.86500224,1.76415118032,2017-05-18 15:46:22,134574484,0.00018726,1.76415118,7193856,buy
22,1258.90217883,0.23561613179,2017-05-18 15:46:22,134574483,0.00018716,0.23561613,7193855,buy
23,0.09356996,1.75125537136e-05,2017-05-18 15:46:22,134574461,0.00018716,1.751e-05,7193854,buy
24,37.06541747,0.00693716353369,2017-05-18 15:46:20,134574459,0.00018716,0.00693716,7193853,buy
25,1232.021359,0.230708319686,2017-05-18 15:46:18,134574452,0.00018726,0.23070831,7193852,buy
26,817.12727855,0.152868171271,2017-05-18 15:46:18,134574450,0.00018708,0.15286817,7193851,sell
27,11396.34548417,2.13407965537,2017-05-18 15:46:17,134574446,0.00018726,2.13407965,7193850,buy
28,1517.95850334,0.28423772975,2017-05-18 15:46:17,134574445,0.00018725,0.28423772,7193849,buy
29,20289.44779784,3.79919910015,2017-05-18 15:46:17,134574444,0.00018725,3.7991991,7193848,buy
30,1067.80565936,0.199946609715,2017-05-18 15:46:15,134574418,0.00018725,0.1999466,7193847,buy
31,1601.96507716,0.299983980349,2017-05-18 15:46:14,134574411,0.00018726,0.29998398,7193846,buy
32,8376.32130269,1.56645584682,2017-05-18 15:46:13,134574409,0.00018701,1.56645584,7193845,sell
33,59.3044865,0.0110905320204,2017-05-18 15:46:13,134574408,0.00018701,0.01109053,7193844,sell
34,1336.68395444,0.249999999999,2017-05-18 15:46:13,134574407,0.00018703,0.24999999,7193843,sell
35,1200.0,0.22446,2017-05-18 15:46:13,134574406,0.00018705,0.22446,7193842,sell
36,850.48040631,0.15908236,2017-05-18 15:46:13,134574405,0.00018705,0.15908236,7193841,sell
37,210.78257151,0.0394268800009,2017-05-18 15:46:13,134574404,0.00018705,0.03942688,7193840,sell
38,297.52814454,0.0556585899991,2017-05-18 15:46:13,134574403,0.00018707,0.05565858,7193839,sell
39,519.59913401,0.0972014099993,2017-05-18 15:46:13,134574402,0.00018707,0.0972014,7193838,sell
40,1882.26566565,0.35247306855,2017-05-18 15:46:12,134574390,0.00018726,0.35247306,7193837,buy
41,45.60161824,0.00853935903162,2017-05-18 15:46:12,134574388,0.00018726,0.00853935,7193836,buy
42,158.89372497,0.0297528500006,2017-05-18 15:46:10,134574374,0.00018725,0.02975285,7193835,sell
43,11257.35234753,2.10816437412,2017-05-18 15:46:01,134574291,0.00018727,2.10816437,7193834,buy
44,1586.17970449,0.29704387326,2017-05-18 15:46:01,134574290,0.00018727,0.29704387,7193833,buy
45,1295.99192187,0.242570808016,2017-05-18 15:46:01,134574289,0.00018717,0.2425708,7193832,buy
46,4.95725473,0.000927353642341,2017-05-18 15:46:01,134574288,0.00018707,0.00092735,7193831,buy
47,1999.99998546,0.37413999728,2017-05-18 15:46:01,134574287,0.00018707,0.37413999,7193830,buy
48,0.00010692,1.9999386e-08,2017-05-18 15:46:01,134574286,0.00018705,1e-08,7193829,buy
49,21.53750335,0.00402859000162,2017-05-18 15:46:00,134574273,0.00018705,0.00402859,7193828,sell
50,0.00010692,1.9999386e-08,2017-05-18 15:45:58,134574262,0.00018705,1e-08,7193827,sell
51,1.454e-05,2.7199978e-09,2017-05-18 15:45:56,134574254,0.00018707,0.0,7193826,buy
52,0.00010692,1.9999386e-08,2017-05-18 15:45:53,134574240,0.00018705,1e-08,7193825,sell
53,30.0,0.0056115,2017-05-18 15:45:52,134574226,0.00018705,0.0056115,7193824,sell
54,0.00076193,1.426942504e-07,2017-05-18 15:45:52,134574225,0.00018728,1.4e-07,7193823,buy
55,0.00106824,2.000599872e-07,2017-05-18 15:45:51,134574219,0.00018728,2e-07,7193822,buy
56,0.47788651,8.93599985049e-05,2017-05-18 15:45:51,134574207,0.00018699,8.935e-05,7193821,sell
57,28857.49864036,5.40385519539,2017-05-18 15:45:50,134574205,0.00018726,5.40385519,7193820,buy
58,1000.0,0.1872,2017-05-18 15:45:50,134574204,0.0001872,0.1872,7193819,buy
59,1296.19967725,0.242570807601,2017-05-18 15:45:50,134574203,0.00018714,0.2425708,7193818,buy
60,3486.55790712,0.652230387685,2017-05-18 15:45:50,134574202,0.00018707,0.65223038,7193817,buy
61,131.01297507,0.0245085972463,2017-05-18 15:45:50,134574201,0.00018707,0.02450859,7193816,buy
62,9238.81851629,1.72821339166,2017-05-18 15:45:50,134574200,0.00018706,1.72821339,7193815,buy
63,5347.87956576,1.0000534788,2017-05-18 15:45:50,134574199,0.000187,1.00005347,7193814,buy
64,5424.81638984,1.0144406649,2017-05-18 15:45:50,134574198,0.000187,1.01444066,7193813,buy
65,552.33224773,0.103286130326,2017-05-18 15:45:50,134574187,0.000187,0.10328613,7193812,buy
66,0.00063066,1.1793342e-07,2017-05-18 15:45:50,134574173,0.000187,1.1e-07,7193811,buy
67,499.92734951,0.0934864143584,2017-05-18 15:45:49,134574171,0.000187,0.09348641,7193810,buy
68,0.14161185,2.64799998315e-05,2017-05-18 15:45:48,134574168,0.00018699,2.647e-05,7193809,sell
69,2032.51216216,0.380059449202,2017-05-18 15:45:45,134574146,0.00018699,0.38005944,7193808,sell
70,0.00087326,1.63343283e-07,2017-05-18 15:45:39,134574084,0.00018705,1.6e-07,7193807,buy
71,121.07205241,0.0226392630801,2017-05-18 15:45:36,134574060,0.00018699,0.02263926,7193806,sell
72,293.81911426,0.0549618035135,2017-05-18 15:45:33,134574037,0.00018706,0.0549618,7193805,buy
73,5875.65328663,1.10045110405,2017-05-18 15:45:32,134574033,0.00018729,1.1004511,7193804,buy
74,1336.60814784,0.250319973927,2017-05-18 15:45:32,134574032,0.00018728,0.25031997,7193803,buy
75,795.85345528,0.148975808294,2017-05-18 15:45:32,134574031,0.00018719,0.1489758,7193802,buy
76,7428.78324494,1.38910817897,2017-05-18 15:45:31,134574028,0.00018699,1.38910817,7193801,sell
77,2594.04789208,0.48506101534,2017-05-18 15:45:31,134574027,0.00018699,0.48506101,7193800,sell
78,1.95284935,0.00036518282845,2017-05-18 15:45:31,134574026,0.000187,0.00036518,7193799,sell
79,1767.5444385,0.33053081,2017-05-18 15:45:31,134574025,0.000187,0.3305308,7193798,sell
80,1003.36233121,0.187628755936,2017-05-18 15:45:31,134574024,0.000187,0.18762875,7193797,sell
81,8329.73262033,1.55766,2017-05-18 15:45:31,134574023,0.000187,1.55766,7193796,sell
82,50.11737968,0.00937195000016,2017-05-18 15:45:31,134574022,0.000187,0.00937195,7193795,sell
83,56.48647059,0.0105629700003,2017-05-18 15:45:30,134574021,0.000187,0.01056297,7193794,sell
84,133.66839544,0.0249999999991,2017-05-18 15:45:30,134574020,0.00018703,0.02499999,7193793,sell
85,266.93316581,0.0499245100014,2017-05-18 15:45:30,134574019,0.00018703,0.04992451,7193792,sell
86,133.66839544,0.0249999999991,2017-05-18 15:45:30,134574018,0.00018703,0.02499999,7193791,sell
87,8421.79478982,1.57512827954,2017-05-18 15:45:30,134574017,0.00018703,1.57512827,7193790,sell
88,23261.28765685,4.35055863046,2017-05-18 15:45:26,134574005,0.00018703,4.35055863,7193789,sell
89,40.0,0.007482,2017-05-18 15:45:25,134574004,0.00018705,0.007482,7193788,sell
90,12300.0,2.300715,2017-05-18 15:45:25,134574003,0.00018705,2.300715,7193787,sell
91,17.45629511,0.00326520000033,2017-05-18 15:45:25,134574002,0.00018705,0.0032652,7193786,sell
92,13.33199678,0.0024937499977,2017-05-18 15:45:25,134574001,0.00018705,0.00249374,7193785,sell
93,5332.79871691,0.997499999998,2017-05-18 15:45:25,134574000,0.00018705,0.99749999,7193784,sell
94,5661.98005987,1.05912999,2017-05-18 15:45:25,134573999,0.00018706,1.05912998,7193783,sell
95,47759.43726611,8.933880335,2017-05-18 15:45:25,134573998,0.00018706,8.93388033,7193782,sell
96,880.35181225,0.164678609999,2017-05-18 15:45:25,134573997,0.00018706,0.1646786,7193781,sell
97,5413.94349709,1.01278641,2017-05-18 15:45:25,134573996,0.00018707,1.01278641,7193780,sell
98,59.3523149,0.0111030375483,2017-05-18 15:45:25,134573995,0.00018707,0.01110303,7193779,sell
99,3427.20559222,0.641127350137,2017-05-18 15:45:25,134573994,0.00018707,0.64112735,7193778,sell
100,500.0,0.093595,2017-05-18 15:45:23,134573946,0.00018719,0.093595,7193777,buy
101,0.01177457,2.2052592153e-06,2017-05-18 15:45:18,134573897,0.00018729,2.2e-06,7193776,buy
102,1000.0,0.18729,2017-05-18 15:45:15,134573878,0.00018729,0.18729,7193775,buy
103,665.6034851,0.124660876724,2017-05-18 15:45:13,134573866,0.00018729,0.12466087,7193774,buy
104,773.21911337,0.144646099538,2017-05-18 15:45:11,134573825,0.00018707,0.14464609,7193773,sell
105,49.99529612,0.00935311999813,2017-05-18 15:45:11,134573824,0.00018708,0.00935311,7193772,sell
106,0.00470387,8.799999996e-07,2017-05-18 15:45:10,134573820,0.00018708,8.7e-07,7193771,sell
107,58.16428896,0.0108807935357,2017-05-18 15:45:06,134573805,0.00018707,0.01088079,7193770,sell
108,211.39805005,0.0395948547744,2017-05-18 15:45:04,134573795,0.0001873,0.03959485,7193769,buy
109,1004.67357024,0.188175359706,2017-05-18 15:45:04,134573789,0.0001873,0.18817535,7193768,buy
110,951.26329833,0.178171615777,2017-05-18 15:45:04,134573788,0.0001873,0.17817161,7193767,buy
111,4.42657828,0.00082807999884,2017-05-18 15:45:03,134573785,0.00018707,0.00082807,7193766,sell
112,0.00038893,7.2846589e-08,2017-05-18 15:45:00,134573626,0.0001873,7e-08,7193765,buy
113,1.463e-05,2.740199e-09,2017-05-18 15:44:58,134573613,0.0001873,0.0,7193764,buy
114,155.858362,0.0291922712026,2017-05-18 15:44:57,134573607,0.0001873,0.02919227,7193763,buy
115,168.51498639,0.0315224133541,2017-05-18 15:44:57,134573598,0.00018706,0.03152241,7193762,sell
116,300.0,0.05619,2017-05-18 15:44:56,134573593,0.0001873,0.05619,7193761,buy
117,0.00045764,8.5715972e-08,2017-05-18 15:44:55,134573586,0.0001873,8e-08,7193760,buy
118,12485.35353066,2.33551023145,2017-05-18 15:44:55,134573575,0.00018706,2.33551023,7193759,sell
119,8.01367667,0.00149999999909,2017-05-18 15:44:55,134573574,0.00018718,0.00149999,7193758,sell
120,7538.80481126,1.41118887262,2017-05-18 15:44:55,134573573,0.00018719,1.41118887,7193757,sell
121,0.00049173,9.2101029e-08,2017-05-18 15:44:52,134573551,0.0001873,9e-08,7193756,buy
122,1295.92268487,0.242570808154,2017-05-18 15:44:51,134573546,0.00018718,0.2425708,7193755,buy
123,755.18991034,0.141265824628,2017-05-18 15:44:50,134573544,0.00018706,0.14126582,7193754,sell
124,4.42566158,0.000827819998539,2017-05-18 15:44:46,134573518,0.00018705,0.00082781,7193753,sell
125,555.0,0.10381275,2017-05-18 15:44:45,134573511,0.00018705,0.10381275,7193752,sell
126,489.53091636,0.0916940359434,2017-05-18 15:44:45,134573509,0.00018731,0.09169403,7193751,buy
127,1107.06301658,0.207231126074,2017-05-18 15:44:45,134573508,0.00018719,0.20723112,7193750,buy
128,52.47553986,0.00982289630639,2017-05-18 15:44:45,134573504,0.00018719,0.00982289,7193749,buy
129,0.01122694,2.099999127e-06,2017-05-18 15:44:42,134573481,0.00018705,2.09e-06,7193748,sell
130,136.31489884,0.0255167859139,2017-05-18 15:44:40,134573447,0.00018719,0.02551678,7193747,buy
131,15.14329502,0.00283255333349,2017-05-18 15:44:33,134573392,0.00018705,0.00283255,7193746,sell
132,398.76660332,0.074704935466,2017-05-18 15:44:23,134573307,0.00018734,0.07470493,7193745,buy
133,212.91318464,0.0398850268786,2017-05-18 15:44:23,134573306,0.00018733,0.03988502,7193744,buy
134,2014.69607135,0.377413015046,2017-05-18 15:44:23,134573305,0.00018733,0.37741301,7193743,buy
135,5015.16687783,0.938036812829,2017-05-18 15:44:23,134573303,0.00018704,0.93803681,7193742,sell
136,331.28307939,0.0619664999999,2017-05-18 15:44:23,134573302,0.00018705,0.06196649,7193741,sell
137,533.61792956,0.0999626467445,2017-05-18 15:44:22,134573297,0.00018733,0.09996264,7193740,buy
138,502.37558711,0.0941100187333,2017-05-18 15:44:19,134573284,0.00018733,0.09411001,7193739,buy
139,3000.0,0.56115,2017-05-18 15:44:18,134573276,0.00018705,0.56115,7193738,buy
140,1276.9391215,0.238838693285,2017-05-18 15:44:16,134573264,0.00018704,0.23883869,7193737,sell
141,0.807576,0.00015128321208,2017-05-18 15:44:13,134573250,0.00018733,0.00015128,7193736,buy
142,18295.49824637,3.42729568649,2017-05-18 15:44:12,134573238,0.00018733,3.42729568,7193735,buy
143,1219.33619486,0.228076835249,2017-05-18 15:44:12,134573237,0.00018705,0.22807683,7193734,buy
144,1296.82334324,0.242570806353,2017-05-18 15:44:12,134573236,0.00018705,0.2425708,7193733,buy
145,1133.00192453,0.211928009983,2017-05-18 15:44:12,134573235,0.00018705,0.211928,7193732,buy
146,0.00010692,1.99983168e-08,2017-05-18 15:44:11,134573230,0.00018704,1e-08,7193731,sell
147,1.504e-05,2.813232e-09,2017-05-18 15:44:08,134573210,0.00018705,0.0,7193730,buy
148,5.85065229,0.00109430600432,2017-05-18 15:44:08,134573207,0.00018704,0.0010943,7193729,sell
149,14781.58761836,2.76474814814,2017-05-18 15:44:06,134573196,0.00018704,2.76474814,7193728,sell
150,0.00010692,1.99983168e-08,2017-05-18 15:44:06,134573194,0.00018704,1e-08,7193727,sell
151,686.47054127,0.128404314745,2017-05-18 15:44:04,134573165,0.00018705,0.12840431,7193726,buy
152,399.0,0.07463295,2017-05-18 15:44:02,134573150,0.00018705,0.07463295,7193725,buy
153,20.01601281,0.00374399519611,2017-05-18 15:44:01,134573149,0.00018705,0.00374399,7193724,buy
154,59.73063521,0.011172615316,2017-05-18 15:43:59,134573146,0.00018705,0.01117261,7193723,buy
155,701.78087114,0.131268111947,2017-05-18 15:43:58,134573125,0.00018705,0.13126811,7193722,sell
156,3.54541574,0.000664304547204,2017-05-18 15:43:53,134573102,0.00018737,0.0006643,7193721,buy
157,6418.22391439,1.20258261484,2017-05-18 15:43:52,134573099,0.00018737,1.20258261,7193720,buy
158,17380.93360109,3.2564917195,2017-05-18 15:43:52,134573098,0.00018736,3.25649171,7193719,buy
159,1200.84248452,0.224977839475,2017-05-18 15:43:52,134573097,0.00018735,0.22497783,7193718,buy
160,266.07066836,0.0498483397172,2017-05-18 15:43:52,134573093,0.00018735,0.04984833,7193717,buy
161,590.0,0.1105424,2017-05-18 15:43:51,134573087,0.00018736,0.1105424,7193716,buy
162,1.0,0.00018705,2017-05-18 15:43:50,134573084,0.00018705,0.00018705,7193715,sell
163,1675.50136094,0.313921934986,2017-05-18 15:43:50,134573079,0.00018736,0.31392193,7193714,buy
164,700.56044836,0.131257005605,2017-05-18 15:43:49,134573077,0.00018736,0.131257,7193713,buy
165,1000.0,0.18736,2017-05-18 15:43:49,134573076,0.00018736,0.18736,7193712,buy
166,30.12279477,0.00564410805605,2017-05-18 15:43:46,134573051,0.00018737,0.0056441,7193711,buy
167,1.455212,0.0002724156864,2017-05-18 15:43:46,134573050,0.0001872,0.00027241,7193710,buy
168,60.0,0.0112422,2017-05-18 15:43:43,134573020,0.00018737,0.0112422,7193709,buy
169,37335.80606966,6.99560998327,2017-05-18 15:43:42,134573002,0.00018737,6.99560998,7193708,buy
170,2100.0,0.392784,2017-05-18 15:43:38,134572964,0.00018704,0.392784,7193707,sell
171,1644.54800322,0.307579813042,2017-05-18 15:43:37,134572954,0.00018703,0.30757981,7193706,sell
172,690.30208651,0.129114102261,2017-05-18 15:43:37,134572953,0.00018704,0.1291141,7193705,sell
173,1.385916,0.00025920786948,2017-05-18 15:43:34,134572930,0.00018703,0.0002592,7193704,sell
174,526.30011285,0.0986181151458,2017-05-18 15:43:33,134572925,0.00018738,0.09861811,7193703,buy
175,526.28894125,0.098431820682,2017-05-18 15:43:31,134572914,0.00018703,0.09843182,7193702,sell
176,10.68376068,0.0019999999993,2017-05-18 15:43:31,134572913,0.0001872,0.00199999,7193701,sell
177,970.7766213,0.181904123299,2017-05-18 15:43:29,134572892,0.00018738,0.18190412,7193700,buy
178,11.86687966,0.00222361591069,2017-05-18 15:43:28,134572883,0.00018738,0.00222361,7193699,buy
179,53.36514058,0.00999956004188,2017-05-18 15:43:28,134572874,0.00018738,0.00999956,7193698,buy
180,1600.91179296,0.300010870001,2017-05-18 15:43:27,134572860,0.0001874,0.30001087,7193697,buy
181,338.56287888,0.0633214152369,2017-05-18 15:43:26,134572857,0.00018703,0.06332141,7193696,sell
182,685.74596109,0.128261924562,2017-05-18 15:43:26,134572856,0.00018704,0.12826192,7193695,sell
183,2001.60128102,0.37508006405,2017-05-18 15:43:20,134572782,0.00018739,0.37508006,7193694,buy
184,207.088166,0.0388062514267,2017-05-18 15:43:19,134572776,0.00018739,0.03880625,7193693,buy
185,212.911834,0.0398570953248,2017-05-18 15:43:19,134572775,0.0001872,0.03985709,7193692,buy
186,0.00135064,2.52839808e-07,2017-05-18 15:43:18,134572766,0.0001872,2.5e-07,7193691,buy
187,118.12068751,0.0221346356325,2017-05-18 15:43:17,134572748,0.00018739,0.02213463,7193690,buy
188,414.36067564,0.0775683184798,2017-05-18 15:43:17,134572747,0.0001872,0.07756831,7193689,buy
189,533.36177929,0.0999519974389,2017-05-18 15:43:15,134572735,0.0001874,0.09995199,7193688,buy
190,31.99103952,0.00599512080605,2017-05-18 15:43:13,134572722,0.0001874,0.00599512,7193687,buy
191,1429.484317,0.267356451809,2017-05-18 15:43:12,134572715,0.00018703,0.26735645,7193686,sell
192,0.00053467,9.99993301e-08,2017-05-18 15:43:09,134572688,0.00018703,9e-08,7193685,sell
193,0.00053467,9.99993301e-08,2017-05-18 15:43:08,134572678,0.00018703,9e-08,7193684,sell
194,0.00101587,1.899981661e-07,2017-05-18 15:43:06,134572668,0.00018703,1.8e-07,7193683,sell
195,17.2861226,0.00324633382428,2017-05-18 15:43:06,134572661,0.0001878,0.00324633,7193682,buy
196,0.00010694,1.99988494e-08,2017-05-18 15:43:06,134572660,0.00018701,1e-08,7193681,sell
197,1924.99023647,0.361513166409,2017-05-18 15:43:05,134572655,0.0001878,0.36151316,7193680,buy
198,1077.41168507,0.202327140339,2017-05-18 15:43:05,134572654,0.00018779,0.20232714,7193679,buy
199,499.83,0.0934632117,2017-05-18 15:43:04,134572647,0.00018699,0.09346321,7193678,sell
0,133.65410318,0.0249999999998,2017-05-18 15:46:47,134574667,0.00018705,0.02499999,7193883,sell
1,25.8800385,0.00484086120143,2017-05-18 15:46:47,134574666,0.00018705,0.00484086,7193882,sell
2,21.21393881,0.00396849153319,2017-05-18 15:46:47,134574665,0.00018707,0.00396849,7193881,sell
3,1067.57766627,0.199722429806,2017-05-18 15:46:46,134574662,0.00018708,0.19972242,7193880,buy
4,0.00024456,4.57522848e-08,2017-05-18 15:46:46,134574661,0.00018708,4e-08,7193879,buy
5,200.0,0.037416,2017-05-18 15:46:46,134574660,0.00018708,0.037416,7193878,buy
0,3500.85833185,0.654660508056,2017-05-18 15:46:55,134574725,0.000187,0.6546605,7193895,sell
1,2743.81821862,0.513148883246,2017-05-18 15:46:55,134574724,0.00018702,0.51314888,7193894,sell
2,500.0,0.09351,2017-05-18 15:46:55,134574723,0.00018702,0.09351,7193893,sell
3,534.55925589,0.0999999999993,2017-05-18 15:46:55,134574722,0.00018707,0.09999999,7193892,sell
4,5320.0,0.9952656,2017-05-18 15:46:55,134574713,0.00018708,0.9952656,7193891,buy
5,1846.3142707,0.345408473763,2017-05-18 15:46:54,134574711,0.00018708,0.34540847,7193890,buy
6,400.6023203,0.0749406760585,2017-05-18 15:46:54,134574710,0.00018707,0.07494067,7193889,buy
7,67.70333778,0.0126659404319,2017-05-18 15:46:53,134574703,0.00018708,0.01266594,7193888,buy
8,2.29233484,0.000428850001867,2017-05-18 15:46:52,134574698,0.00018708,0.00042885,7193887,buy
9,4427.87602184,0.828367046166,2017-05-18 15:46:50,134574685,0.00018708,0.82836704,7193886,buy
10,19000.0,3.55395,2017-05-18 15:46:50,134574684,0.00018705,3.55395,7193885,buy
11,572.12397816,0.107004347635,2017-05-18 15:46:50,134574683,0.00018703,0.10700434,7193884,buy
0,0.00038034,7.1142597e-08,2017-05-18 15:46:57,134574731,0.00018705,7e-08,7193897,buy
1,534.53068206,0.0999839640793,2017-05-18 15:46:56,134574729,0.00018705,0.09998396,7193896,buy
0,96.78046825,0.0181008509768,2017-05-18 15:47:06,134574822,0.00018703,0.01810085,7193903,buy
1,0.00090899,1.699993098e-07,2017-05-18 15:47:05,134574821,0.00018702,1.6e-07,7193902,sell
2,19139.06855356,3.57938860089,2017-05-18 15:47:02,134574787,0.00018702,3.5793886,7193901,sell
3,0.00388617,7.270246836e-07,2017-05-18 15:47:01,134574780,0.00018708,7.2e-07,7193900,buy
4,854.53105625,0.159865670003,2017-05-18 15:47:01,134574779,0.00018708,0.15986567,7193899,buy
5,4465.4689376,0.835265964778,2017-05-18 15:47:01,134574778,0.00018705,0.83526596,7193898,buy
0,3857.6354,0.721454972508,2017-05-18 15:47:11,134574855,0.00018702,0.72145497,7193913,sell
1,70.00753688,0.0130970099995,2017-05-18 15:47:11,134574853,0.00018708,0.013097,7193912,buy
2,200.0,0.037416,2017-05-18 15:47:11,134574848,0.00018708,0.037416,7193911,buy
3,435.69274126,0.0815093980349,2017-05-18 15:47:09,134574846,0.00018708,0.08150939,7193910,buy
4,98.8379408,0.0184856600678,2017-05-18 15:47:09,134574845,0.00018703,0.01848566,7193909,buy
5,13.29998223,0.00248749567648,2017-05-18 15:47:09,134574843,0.00018703,0.00248749,7193908,buy
6,13.29998223,0.00248749567648,2017-05-18 15:47:09,134574841,0.00018703,0.00248749,7193907,buy
7,1143.429,0.21384409158,2017-05-18 15:47:08,134574840,0.00018702,0.21384409,7193906,sell
8,234.946031,0.0439419561779,2017-05-18 15:47:07,134574829,0.00018703,0.04394195,7193905,buy
9,839.79761268,0.1570673475,2017-05-18 15:47:07,134574826,0.00018703,0.15706734,7193904,buy
0,251.435001,0.0470384599871,2017-05-18 15:47:16,134574888,0.00018708,0.04703845,7193917,buy
1,533.19435536,0.0997500000007,2017-05-18 15:47:16,134574880,0.00018708,0.09975,7193916,buy
2,230.0,0.0430284,2017-05-18 15:47:15,134574875,0.00018708,0.0430284,7193915,buy
3,1.0,0.00018708,2017-05-18 15:47:12,134574857,0.00018708,0.00018708,7193914,buy
0,10.53449115,0.00196994984505,2017-05-18 15:47:39,134575085,0.00018700,0.00196994,7193940,sell
1,577.02314518,0.107914868612,2017-05-18 15:47:37,134575070,0.00018702,0.10791486,7193939,buy
2,1096.85282095,0.205111477518,2017-05-18 15:47:37,134575069,0.00018700,0.20511147,7193938,sell
3,601.67850267,0.112513879999,2017-05-18 15:47:37,134575068,0.00018700,0.11251387,7193937,sell
4,1.95140337,0.00036491243019,2017-05-18 15:47:37,134575067,0.00018700,0.00036491,7193936,sell
5,1134.24213904,0.21210328,2017-05-18 15:47:37,134575066,0.00018700,0.21210328,7193935,sell
6,124.48877006,0.0232794000012,2017-05-18 15:47:37,134575065,0.00018700,0.02327940,7193934,sell
7,13.33556149,0.00249374999863,2017-05-18 15:47:37,134575064,0.00018700,0.00249374,7193933,sell
8,13000.00000000,2.431,2017-05-18 15:47:37,134575063,0.00018700,2.43100000,7193932,sell
9,1833.36621373,0.342839481968,2017-05-18 15:47:37,134575062,0.00018700,0.34283948,7193931,sell
10,59.13864276,0.0110595175825,2017-05-18 15:47:37,134575061,0.00018701,0.01105951,7193930,sell
11,1.40353500,0.0002624891157,2017-05-18 15:47:35,134575051,0.00018702,0.00026248,7193929,buy
12,534.53068206,0.0999679281589,2017-05-18 15:47:34,134575045,0.00018702,0.09996792,7193928,buy
13,5888.80449000,1.10132421572,2017-05-18 15:47:33,134575043,0.00018702,1.10132421,7193927,buy
14,84.13839428,0.0157355624982,2017-05-18 15:47:28,134575009,0.00018702,0.01573556,7193926,sell
15,9515.22379986,1.77953715505,2017-05-18 15:47:28,134575008,0.00018702,1.77953715,7193925,sell
16,1069.34716355,0.199999999999,2017-05-18 15:47:28,134575007,0.00018703,0.19999999,7193924,sell
17,537.20002139,0.100472520001,2017-05-18 15:47:28,134575006,0.00018703,0.10047252,7193923,sell
18,74.79031999,0.0139910251605,2017-05-18 15:47:27,134575003,0.00018707,0.01399102,7193922,buy
19,2664.88656876,0.498520330418,2017-05-18 15:47:26,134574999,0.00018707,0.49852033,7193921,buy
20,55.53773787,0.0103894446233,2017-05-18 15:47:25,134574987,0.00018707,0.01038944,7193920,buy
21,2039.30372579,0.381410975835,2017-05-18 15:47:19,134574909,0.00018703,0.38141097,7193919,sell
22,106.91185118,0.0200000000002,2017-05-18 15:47:19,134574908,0.00018707,0.02000000,7193918,sell
0,20.53394270,0.0038398472849,2017-05-18 15:47:44,134575112,0.00018700,0.00383984,7193945,buy
1,129.69823529,0.0242535699992,2017-05-18 15:47:44,134575106,0.00018700,0.02425356,7193944,sell
2,969.46747781,0.18129041835,2017-05-18 15:47:44,134575105,0.00018700,0.18129041,7193943,sell
3,653.58822901,0.122227534707,2017-05-18 15:47:44,134575103,0.00018701,0.12222753,7193942,buy
4,423.14521009,0.0791281542868,2017-05-18 15:47:39,134575086,0.00018700,0.07912815,7193941,sell
0,534.53068206,0.099962582852,2017-05-18 15:47:48,134575138,0.00018701,0.09996258,7193949,buy
1,628.67231687,0.117568009978,2017-05-18 15:47:48,134575132,0.00018701,0.11756800,7193948,buy
2,255.75911493,0.0478269544919,2017-05-18 15:47:48,134575131,0.00018700,0.04782695,7193947,buy
3,3880.30034420,0.725616164365,2017-05-18 15:47:48,134575130,0.00018700,0.72561616,7193946,buy
0,284.37647580,0.0531897760336,2017-05-18 15:47:56,134575239,0.00018704,0.05318977,7193959,sell
1,124.74590930,0.0233312274164,2017-05-18 15:47:55,134575235,0.00018703,0.02333122,7193958,sell
2,2000.00000000,0.37406,2017-05-18 15:47:53,134575212,0.00018703,0.37406000,7193957,buy
3,499.25000002,0.0933697350037,2017-05-18 15:47:53,134575211,0.00018702,0.09336973,7193956,buy
4,37159.12876868,6.94950026232,2017-05-18 15:47:53,134575210,0.00018702,6.94950026,7193955,buy
5,685.46566478,0.128188933971,2017-05-18 15:47:53,134575209,0.00018701,0.12818893,7193954,buy
6,3183.20877206,0.595291872463,2017-05-18 15:47:53,134575208,0.00018701,0.59529187,7193953,buy
7,79.85657109,0.0149331787938,2017-05-18 15:47:52,134575202,0.00018700,0.01493317,7193952,buy
8,1977.76418067,0.369822124143,2017-05-18 15:47:52,134575201,0.00018699,0.36982212,7193951,sell
9,1217.31351265,0.227637626866,2017-05-18 15:47:52,134575200,0.00018700,0.22763762,7193950,buy
0,11415.93027042,2.13866037686,2017-05-18 15:48:02,134575294,0.00018734,2.13866037,7193980,buy
1,269.86486488,0.050545689192,2017-05-18 15:48:02,134575293,0.00018730,0.05054568,7193979,buy
2,1.26492929,0.000236921256017,2017-05-18 15:48:02,134575292,0.00018730,0.00023692,7193978,buy
3,1.34447125,0.000251819465125,2017-05-18 15:48:02,134575291,0.00018730,0.00025181,7193977,buy
4,99.84767302,0.0187014691566,2017-05-18 15:48:02,134575290,0.00018730,0.01870146,7193976,buy
5,24.63569952,0.0046142665201,2017-05-18 15:48:02,134575289,0.00018730,0.00461426,7193975,buy
6,25.91307378,0.00485351871899,2017-05-18 15:48:02,134575288,0.00018730,0.00485351,7193974,buy
7,30.13518379,0.00564431992387,2017-05-18 15:48:02,134575287,0.00018730,0.00564431,7193973,buy
8,29.29464826,0.0054868876191,2017-05-18 15:48:02,134575286,0.00018730,0.00548688,7193972,buy
9,100.00000000,0.01873,2017-05-18 15:48:02,134575285,0.00018730,0.01873000,7193971,buy
10,22.45884581,0.00420654182021,2017-05-18 15:48:02,134575284,0.00018730,0.00420654,7193970,buy
11,2818.59243327,0.527753247205,2017-05-18 15:48:02,134575283,0.00018724,0.52775324,7193969,buy
12,3069.37172029,0.57467846719,2017-05-18 15:48:02,134575282,0.00018723,0.57467846,7193968,buy
13,5.67765159,0.00106279960113,2017-05-18 15:48:02,134575281,0.00018719,0.00106279,7193967,buy
14,100.00000000,0.018704,2017-05-18 15:48:01,134575278,0.00018704,0.01870400,7193966,sell
15,139.13109854,0.0260230806709,2017-05-18 15:47:58,134575258,0.00018704,0.02602308,7193965,sell
16,14935.29158435,2.7940943496,2017-05-18 15:47:57,134575247,0.00018708,2.79409434,7193964,buy
17,100.00000000,0.018707,2017-05-18 15:47:57,134575246,0.00018707,0.01870700,7193963,buy
18,43.89000000,0.0082105023,2017-05-18 15:47:57,134575245,0.00018707,0.00821050,7193962,buy
19,2204.78537338,0.412449199798,2017-05-18 15:47:57,134575244,0.00018707,0.41244919,7193961,buy
20,1296.82334324,0.242570806353,2017-05-18 15:47:57,134575243,0.00018705,0.24257080,7193960,buy
0,0.00010692,1.99983168e-08,2017-05-18 15:48:06,134575365,0.00018704,0.00000001,7193984,sell
1,997.50000000,0.18687165,2017-05-18 15:48:05,134575363,0.00018734,0.18687165,7193983,buy
2,714.18688900,0.133795771785,2017-05-18 15:48:04,134575357,0.00018734,0.13379577,7193982,buy
3,750.00000000,0.14028,2017-05-18 15:48:02,134575300,0.00018704,0.14028000,7193981,sell
0,722.35637386,0.135109536167,2017-05-18 15:48:11,134575420,0.00018704,0.13510953,7193985,sell
0,2659.66072498,0.498154453789,2017-05-18 15:48:18,134575458,0.00018730,0.49815445,7193992,sell
1,1.12016130,0.00020980621149,2017-05-18 15:48:17,134575455,0.00018730,0.00020980,7193991,sell
2,13872.87192042,2.59894382557,2017-05-18 15:48:13,134575432,0.00018734,2.59894382,7193990,buy
3,1.14773248,0.000214970293504,2017-05-18 15:48:13,134575431,0.00018730,0.00021497,7193989,buy
4,1.34090513,0.000251151530849,2017-05-18 15:48:13,134575430,0.00018730,0.00025115,7193988,buy
5,1.10946855,0.000207803459415,2017-05-18 15:48:13,134575429,0.00018730,0.00020780,7193987,buy
6,2286.46031770,0.428231152902,2017-05-18 15:48:13,134575428,0.00018729,0.42823115,7193986,buy
0,19042.79501369,3.56747721786,2017-05-18 15:48:23,134575475,0.00018734,3.56747721,7193995,buy
1,4245.41593157,0.794062595841,2017-05-18 15:48:21,134575468,0.00018704,0.79406259,7193994,sell
2,754.58406843,0.14114495,2017-05-18 15:48:21,134575467,0.00018705,0.14114494,7193993,sell
0,2261.71952588,0.423733153174,2017-05-18 15:48:29,134575517,0.00018735,0.42373315,7194001,sell
1,2418.95902412,0.453216162759,2017-05-18 15:48:29,134575516,0.00018736,0.45321616,7194000,sell
2,1.35282069,0.000253437428065,2017-05-18 15:48:25,134575490,0.00018734,0.00025343,7193999,sell
3,12.81024820,0.00240025620523,2017-05-18 15:48:24,134575483,0.00018737,0.00240025,7193998,buy
4,8000.00000000,1.4988,2017-05-18 15:48:24,134575482,0.00018735,1.49880000,7193997,buy
5,8000.00000000,1.4988,2017-05-18 15:48:24,134575481,0.00018735,1.49880000,7193996,buy
0,30.00000000,0.0056211,2017-05-18 15:48:33,134575536,0.00018737,0.00562110,7194004,buy
1,928.56244362,0.173966173812,2017-05-18 15:48:33,134575535,0.00018735,0.17396617,7194003,sell
2,0.01327797,2.4876276795e-06,2017-05-18 15:48:31,134575530,0.00018735,0.00000248,7194002,sell
0,15.96117134,0.00299032545055,2017-05-18 15:48:40,134575604,0.00018735,0.00299032,7194015,buy
1,361.12952905,0.0676540059722,2017-05-18 15:48:38,134575595,0.00018734,0.06765400,7194014,sell
2,109.41720936,0.0204982200015,2017-05-18 15:48:38,134575594,0.00018734,0.02049822,7194013,sell
3,2189.11398659,0.410130505388,2017-05-18 15:48:38,134575593,0.00018735,0.41013050,7194012,sell
4,5792.28498043,1.08773319647,2017-05-18 15:48:37,134575577,0.00018779,1.08773319,7194011,buy
5,4245.41593157,0.79720420363,2017-05-18 15:48:37,134575576,0.00018778,0.79720420,7194010,buy
6,17.43011067,0.00326901725616,2017-05-18 15:48:37,134575575,0.00018755,0.00326901,7194009,buy
7,1.52797200,0.00028655586888,2017-05-18 15:48:37,134575574,0.00018754,0.00028655,7194008,buy
8,3723.33834314,0.698200406106,2017-05-18 15:48:37,134575573,0.00018752,0.69820040,7194007,buy
9,1.95053362,0.000365530000388,2017-05-18 15:48:37,134575572,0.00018740,0.00036553,7194006,buy
10,229.26109574,0.0429566515088,2017-05-18 15:48:37,134575571,0.00018737,0.04295665,7194005,buy
0,10008.00640512,1.875,2017-05-18 15:48:51,134575667,0.00018735,1.87499999,7194017,buy
1,109.46127982,0.0205075707743,2017-05-18 15:48:51,134575664,0.00018735,0.02050757,7194016,buy
0,188.85169719,0.0353247099594,2017-05-18 15:48:56,134575695,0.00018705,0.03532470,7194025,sell
1,5609.74033681,1.04930193,2017-05-18 15:48:56,134575694,0.00018705,1.04930193,7194024,sell
2,100.00000000,0.018708,2017-05-18 15:48:56,134575693,0.00018708,0.01870800,7194023,sell
3,12.64997866,0.00236997350195,2017-05-18 15:48:53,134575680,0.00018735,0.00236997,7194022,buy
4,1949.54771945,0.364740882832,2017-05-18 15:48:53,134575679,0.00018709,0.36474088,7194021,sell
5,54.79518137,0.0102571100007,2017-05-18 15:48:53,134575678,0.00018719,0.01025711,7194020,sell
6,58.46249622,0.0109523640419,2017-05-18 15:48:53,134575677,0.00018734,0.01095236,7194019,sell
7,538.87047095,0.100951994028,2017-05-18 15:48:53,134575676,0.00018734,0.10095199,7194018,sell
0,1228.68867900,0.229838504294,2017-05-18 15:49:02,134575740,0.00018706,0.22983850,7194028,sell
1,44.00000000,0.00823636,2017-05-18 15:49:02,134575739,0.00018719,0.00823636,7194027,sell
2,1.50000000,0.000280935,2017-05-18 15:49:02,134575738,0.00018729,0.00028093,7194026,sell
0,374.71863934,0.0700798799294,2017-05-18 15:49:08,134575859,0.00018702,0.07007987,7194038,sell
1,209.06668396,0.0390996512342,2017-05-18 15:49:07,134575856,0.00018702,0.03909965,7194037,sell
2,263.83333620,0.0493421105361,2017-05-18 15:49:07,134575855,0.00018702,0.04934211,7194036,sell
3,399.32349482,0.0746814800012,2017-05-18 15:49:07,134575854,0.00018702,0.07468148,7194035,sell
4,7.43899701,0.00139139000075,2017-05-18 15:49:07,134575853,0.00018704,0.00139139,7194034,sell
5,0.00000022,4.1151e-11,2017-05-18 15:49:07,134575852,0.00018705,0.00000000,7194033,sell
6,120.33748779,0.022510330466,2017-05-18 15:49:07,134575851,0.00018706,0.02251033,7194032,sell
7,500.00000000,0.093665,2017-05-18 15:49:07,134575843,0.00018733,0.09366500,7194031,buy
8,5505.20416333,1.03128989592,2017-05-18 15:49:04,134575761,0.00018733,1.03128989,7194030,buy
9,1000.00000000,0.1873,2017-05-18 15:49:04,134575760,0.00018730,0.18730000,7194029,buy
0,10.00000000,0.001873,2017-05-18 15:49:13,134575886,0.00018730,0.00187300,7194041,buy
1,6827.98129306,1.27915401544,2017-05-18 15:49:10,134575875,0.00018734,1.27915401,7194040,buy
2,2607.43958294,0.488451657072,2017-05-18 15:49:10,134575874,0.00018733,0.48845165,7194039,buy
0,1200.00000000,0.22476,2017-05-18 15:49:17,134575929,0.00018730,0.22476000,7194046,buy
1,570.64234800,0.10688131178,2017-05-18 15:49:16,134575917,0.00018730,0.10688131,7194045,buy
2,441.73537663,0.0826177674911,2017-05-18 15:49:15,134575916,0.00018703,0.08261776,7194044,sell
3,125.00000000,0.02341125,2017-05-18 15:49:15,134575915,0.00018729,0.02341125,7194043,sell
4,5004.00320256,0.937249799839,2017-05-18 15:49:14,134575892,0.00018730,0.93724979,7194042,buy
0,76.75020791,0.0143783839499,2017-05-18 15:49:25,134575991,0.00018734,0.01437838,7194053,buy
1,1396.95571413,0.261705683485,2017-05-18 15:49:23,134575977,0.00018734,0.26170568,7194052,buy
2,266.89441657,0.0500000000002,2017-05-18 15:49:23,134575976,0.00018734,0.05000000,7194051,buy
3,9185.68370106,1.72084598456,2017-05-18 15:49:23,134575975,0.00018734,1.72084598,7194050,buy
4,713.40734791,0.133621196264,2017-05-18 15:49:23,134575974,0.00018730,0.13362119,7194049,buy
5,1392.44456893,0.260790943315,2017-05-18 15:49:22,134575973,0.00018729,0.26079094,7194048,buy
6,1.94710153,0.000364692116569,2017-05-18 15:49:20,134575955,0.00018730,0.00036469,7194047,buy
0,5800.00000000,1.086572,2017-05-18 15:49:29,134576050,0.00018734,1.08657200,7194056,buy
1,455.93208974,0.0854143176919,2017-05-18 15:49:28,134576046,0.00018734,0.08541431,7194055,buy
2,5004.00320256,0.937449959968,2017-05-18 15:49:26,134575999,0.00018734,0.93744995,7194054,buy
0,100.00000000,0.01873,2017-05-18 15:49:35,134576111,0.00018730,0.01873000,7194062,sell
1,242.74357989,0.0454658725134,2017-05-18 15:49:34,134576106,0.00018730,0.04546587,7194061,sell
2,584.21142552,0.1094228,2017-05-18 15:49:34,134576105,0.00018730,0.10942279,7194060,sell
3,40.72320262,0.00762786308275,2017-05-18 15:49:34,134576104,0.00018731,0.00762786,7194059,sell
4,17.04935338,0.00319351438161,2017-05-18 15:49:34,134576098,0.00018731,0.00319351,7194058,sell
5,2192.70759048,0.410759912925,2017-05-18 15:49:32,134576084,0.00018733,0.41075991,7194057,buy
0,0.00098226,1.840165884e-07,2017-05-18 15:49:41,134576188,0.00018734,0.00000018,7194069,buy
1,11399.24164769,2.13211415778,2017-05-18 15:49:40,134576183,0.00018704,2.13211415,7194068,sell
2,1104.77031500,0.20692348,2017-05-18 15:49:40,134576182,0.00018730,0.20692347,7194067,sell
3,2326.77056853,0.435804127486,2017-05-18 15:49:40,134576181,0.00018730,0.43580412,7194066,sell
4,3169.21746878,0.593626124077,2017-05-18 15:49:40,134576180,0.00018731,0.59362612,7194065,sell
5,104.50072058,0.0195771649935,2017-05-18 15:49:40,134576178,0.00018734,0.01957716,7194064,buy
6,647.51801441,0.12130602482,2017-05-18 15:49:39,134576165,0.00018734,0.12130602,7194063,buy
0,920.93670847,0.172252001952,2017-05-18 15:49:44,134576232,0.00018704,0.17225200,7194073,sell
1,0.00026732,4.99995328e-08,2017-05-18 15:49:44,134576229,0.00018704,0.00000004,7194072,sell
2,0.00056850,1.06337925e-07,2017-05-18 15:49:43,134576208,0.00018705,0.00000010,7194071,buy
3,0.00104987,1.963781835e-07,2017-05-18 15:49:42,134576200,0.00018705,0.00000019,7194070,buy
0,159.25413365,0.0297884856992,2017-05-18 15:49:52,134576307,0.00018705,0.02978848,7194076,buy
1,8.01924619,0.00149999999984,2017-05-18 15:49:52,134576293,0.00018705,0.00149999,7194075,buy
2,0.06864841,1.28399986064e-05,2017-05-18 15:49:51,134576292,0.00018704,0.00001283,7194074,sell
0,1.00000000,0.00018705,2017-05-18 15:49:55,134576338,0.00018705,0.00018705,7194078,buy
1,500.40032026,0.0935998799046,2017-05-18 15:49:54,134576325,0.00018705,0.09359987,7194077,buy
0,22.72597630,0.00425089386691,2017-05-18 15:50:01,134576388,0.00018705,0.00425089,7194085,sell
1,0.01003256,1.8789981624e-06,2017-05-18 15:50:00,134576384,0.00018729,0.00000187,7194084,buy
2,2536.26304248,0.474382639465,2017-05-18 15:49:59,134576375,0.00018704,0.47438263,7194083,sell
3,2525.60000342,0.47238822464,2017-05-18 15:49:59,134576374,0.00018704,0.47238822,7194082,sell
4,668.67370010,0.125075415604,2017-05-18 15:49:59,134576373,0.00018705,0.12507541,7194081,sell
5,0.00635608,1.1904302232e-06,2017-05-18 15:49:59,134576372,0.00018729,0.00000119,7194080,buy
6,424.06325880,0.0793210325585,2017-05-18 15:49:58,134576365,0.00018705,0.07932103,7194079,buy
0,26.73082064,0.00500026730892,2017-05-18 15:50:06,134576418,0.00018706,0.00500026,7194087,sell
1,300.24019215,0.0562319855878,2017-05-18 15:50:05,134576416,0.00018729,0.05623198,7194086,buy
0,0.01403469,2.627293968e-06,2017-05-18 15:50:13,134576474,0.00018720,0.00000262,7194089,buy
1,5.59247092,0.00104691055622,2017-05-18 15:50:13,134576473,0.00018720,0.00104691,7194088,buy
0,40.00000000,0.0074916,2017-05-18 15:50:19,134576530,0.00018729,0.00749160,7194115,sell
1,1996.03993034,0.373239506574,2017-05-18 15:50:18,134576527,0.00018699,0.37323950,7194114,sell
2,1.95022455,0.00036469199085,2017-05-18 15:50:17,134576526,0.00018700,0.00036469,7194113,sell
3,100.00000000,0.0187,2017-05-18 15:50:17,134576525,0.00018700,0.01870000,7194112,sell
4,36.00000000,0.006732,2017-05-18 15:50:17,134576524,0.00018700,0.00673200,7194111,sell
5,1882.78414114,0.352080634393,2017-05-18 15:50:17,134576523,0.00018700,0.35208063,7194110,sell
6,1774.48950835,0.332344140019,2017-05-18 15:50:17,134576522,0.00018729,0.33234414,7194109,sell
7,347.33450012,0.0650522785275,2017-05-18 15:50:16,134576505,0.00018729,0.06505227,7194108,buy
8,3204.14102658,0.599815200176,2017-05-18 15:50:16,134576504,0.00018720,0.59981520,7194107,buy
9,414.12261129,0.0775237528335,2017-05-18 15:50:15,134576496,0.00018720,0.07752375,7194106,buy
10,14159.99660752,2.64791936561,2017-05-18 15:50:15,134576492,0.00018700,2.64791936,7194105,sell
11,89.69449198,0.0167728700003,2017-05-18 15:50:15,134576491,0.00018700,0.01677287,7194104,sell
12,1034.42981612,0.193438375614,2017-05-18 15:50:15,134576490,0.00018700,0.19343837,7194103,sell
13,294.47497971,0.0550668212058,2017-05-18 15:50:14,134576489,0.00018700,0.05506682,7194102,sell
14,3928.48897923,0.734666724006,2017-05-18 15:50:14,134576488,0.00018701,0.73466672,7194101,sell
15,94.00000000,0.01757894,2017-05-18 15:50:14,134576487,0.00018701,0.01757894,7194100,sell
16,321.68643388,0.0601585799999,2017-05-18 15:50:14,134576486,0.00018701,0.06015857,7194099,sell
17,5347.02170890,0.999999999998,2017-05-18 15:50:14,134576485,0.00018702,0.99999999,7194098,sell
18,4.00000000,0.00074808,2017-05-18 15:50:14,134576484,0.00018702,0.00074808,7194097,sell
19,2058.30079786,0.384943415216,2017-05-18 15:50:14,134576483,0.00018702,0.38494341,7194096,sell
20,5.93422632,0.00110987834863,2017-05-18 15:50:14,134576482,0.00018703,0.00110987,7194095,sell
21,2637.42402688,0.493277415747,2017-05-18 15:50:14,134576481,0.00018703,0.49327741,7194094,sell
22,3982.01267176,0.744755829999,2017-05-18 15:50:14,134576480,0.00018703,0.74475582,7194093,sell
23,50.26668093,0.00940188000115,2017-05-18 15:50:14,134576479,0.00018704,0.00940188,7194092,sell
24,44988.26857891,8.414605755,2017-05-18 15:50:14,134576478,0.00018704,8.41460575,7194091,sell
25,6080.00000000,1.1381152,2017-05-18 15:50:14,134576477,0.00018719,1.13811520,7194090,sell
0,2480.38326742,0.464675001318,2017-05-18 15:50:24,134576620,0.00018734,0.46467500,7194125,buy
1,595.74946598,0.111607704957,2017-05-18 15:50:24,134576619,0.00018734,0.11160770,7194124,buy
2,1935.68330064,0.362611552709,2017-05-18 15:50:24,134576618,0.00018733,0.36261155,7194123,buy
3,40.21894300,0.0075330080239,2017-05-18 15:50:24,134576617,0.00018730,0.00753300,7194122,buy
4,0.00026696,4.99989384e-08,2017-05-18 15:50:24,134576613,0.00018729,0.00000004,7194121,sell
5,21.01681344,0.00393644915731,2017-05-18 15:50:21,134576550,0.00018730,0.00393644,7194120,buy
6,1000.00000000,0.18729,2017-05-18 15:50:20,134576544,0.00018729,0.18729000,7194119,sell
7,19.06917985,0.00357165738591,2017-05-18 15:50:20,134576541,0.00018730,0.00357165,7194118,buy
8,202.96815494,0.0380159354203,2017-05-18 15:50:20,134576540,0.00018730,0.03801593,7194117,buy
9,550.00000000,0.103015,2017-05-18 15:50:20,134576539,0.00018730,0.10301500,7194116,buy
0,4.83385882,0.000905381756986,2017-05-18 15:50:29,134576699,0.00018730,0.00090538,7194131,buy
1,251.93508730,0.0471849225004,2017-05-18 15:50:29,134576698,0.00018729,0.04718492,7194130,buy
2,13.31491270,0.00249374999958,2017-05-18 15:50:29,134576696,0.00018729,0.00249374,7194129,sell
3,99.75000000,0.0186821775,2017-05-18 15:50:29,134576695,0.00018729,0.01868217,7194128,sell
4,111.32672920,0.0208559494483,2017-05-18 15:50:25,134576629,0.00018734,0.02085594,7194127,sell
5,285.85340771,0.0535517774004,2017-05-18 15:50:25,134576628,0.00018734,0.05355177,7194126,sell
0,5419.03497649,1.01503944145,2017-05-18 15:50:34,134576720,0.00018731,1.01503944,7194132,buy
0,533.78883313,0.0999946621102,2017-05-18 15:50:47,134576806,0.00018733,0.09999466,7194141,buy
1,4415.53474965,0.827162124652,2017-05-18 15:50:46,134576802,0.00018733,0.82716212,7194140,buy
2,4.00000000,0.00074916,2017-05-18 15:50:46,134576801,0.00018729,0.00074916,7194139,buy
3,920.32380892,0.172404259125,2017-05-18 15:50:44,134576790,0.00018733,0.17240425,7194138,buy
4,0.07077991,1.3249999152e-05,2017-05-18 15:50:43,134576786,0.00018720,0.00001324,7194137,sell
5,231.52693532,0.0433418422919,2017-05-18 15:50:42,134576776,0.00018720,0.04334184,7194136,sell
6,343.23105388,0.0642871763917,2017-05-18 15:50:42,134576775,0.00018730,0.06428717,7194135,sell
7,830.10439526,0.15549515532,2017-05-18 15:50:41,134576774,0.00018732,0.15549515,7194134,sell
8,43.98048224,0.0082384239332,2017-05-18 15:50:41,134576773,0.00018732,0.00823842,7194133,sell
0,1000.41278352,0.187407326737,2017-05-18 15:50:49,134576821,0.00018733,0.18740732,7194145,buy
1,4805.55944043,0.900225449976,2017-05-18 15:50:49,134576820,0.00018733,0.90022544,7194144,buy
2,989.16768957,0.18529089161,2017-05-18 15:50:49,134576819,0.00018732,0.18529089,7194143,buy
3,159.88396472,0.0299302781956,2017-05-18 15:50:49,134576817,0.00018720,0.02993027,7194142,sell
0,0.09560668,1.79099993644e-05,2017-05-18 15:50:57,134576865,0.00018733,0.00001790,7194151,sell
1,1075.66222561,0.201503804724,2017-05-18 15:50:56,134576858,0.00018733,0.20150380,7194150,buy
2,1267.85406236,0.237494422961,2017-05-18 15:50:56,134576857,0.00018732,0.23749442,7194149,buy
3,1452.59632103,0.272071290929,2017-05-18 15:50:56,134576856,0.00018730,0.27207129,7194148,buy
4,4632.28631468,0.86762722674,2017-05-18 15:50:56,134576855,0.00018730,0.86762722,7194147,buy
5,5.00000000,0.0009365,2017-05-18 15:50:54,134576839,0.00018730,0.00093650,7194146,buy
0,1966.36985209,0.368360064392,2017-05-18 15:51:01,134576922,0.00018733,0.36836006,7194152,sell
0,92.20257287,0.0172732300015,2017-05-18 15:51:08,134577014,0.00018734,0.01727323,7194154,buy
1,0.00026690,4.9998377e-08,2017-05-18 15:51:06,134576979,0.00018733,0.00000004,7194153,sell
0,561.03831588,0.10511052848,2017-05-18 15:51:14,134577081,0.00018735,0.10511052,7194169,buy
1,232.85101093,0.0436246368977,2017-05-18 15:51:14,134577080,0.00018735,0.04362463,7194168,buy
2,0.14233321,2.66661268935e-05,2017-05-18 15:51:12,134577071,0.00018735,0.00002666,7194167,buy
3,14764.23909309,2.7659325517,2017-05-18 15:51:12,134577066,0.00018734,2.76593255,7194166,buy
4,47963.25322571,8.96912835321,2017-05-18 15:51:12,134577062,0.00018700,8.96912835,7194165,sell
5,1.94985566,0.00036462300842,2017-05-18 15:51:12,134577061,0.00018700,0.00036462,7194164,sell
6,5346.16412723,0.999999999998,2017-05-18 15:51:12,134577060,0.00018705,0.99999999,7194163,sell
7,35827.61675398,6.70191399,2017-05-18 15:51:12,134577059,0.00018706,6.70191398,7194162,sell
8,4136.50843204,0.774354378478,2017-05-18 15:51:12,134577058,0.00018720,0.77435437,7194161,sell
9,730.00000000,0.136656,2017-05-18 15:51:12,134577057,0.00018720,0.13665600,7194160,sell
10,3323.06778587,0.622078289515,2017-05-18 15:51:12,134577056,0.00018720,0.62207828,7194159,sell
11,57.51237208,0.0107668911771,2017-05-18 15:51:12,134577055,0.00018721,0.01076689,7194158,sell
12,13.00000000,0.0024349,2017-05-18 15:51:12,134577054,0.00018730,0.00243490,7194157,sell
13,683.89321943,0.128093199999,2017-05-18 15:51:12,134577053,0.00018730,0.12809319,7194156,sell
14,287.14007367,0.0537899500006,2017-05-18 15:51:12,134577052,0.00018733,0.05378995,7194155,sell
0,0.09592185,1.7969999379e-05,2017-05-18 15:51:19,134577141,0.00018734,0.00001796,7194173,sell
1,1267.85406236,0.237519780043,2017-05-18 15:51:19,134577131,0.00018734,0.23751978,7194172,sell
2,3.25013344,0.00060887999865,2017-05-18 15:51:18,134577125,0.00018734,0.00060887,7194171,sell
3,0.00010675,1.9998545e-08,2017-05-18 15:51:15,134577092,0.00018734,0.00000001,7194170,sell
0,3200.00000000,0.599488,2017-05-18 15:51:21,134577160,0.00018734,0.59948800,7194175,sell
1,5825.81066726,1.0914073704,2017-05-18 15:51:21,134577155,0.00018734,1.09140737,7194174,sell
0,375.00000000,0.0702525,2017-05-18 15:51:26,134577190,0.00018734,0.07025250,7194176,sell
0,584.29805177,0.109468239999,2017-05-18 15:51:36,134577332,0.00018735,0.10946823,7194183,buy
1,313.25148911,0.0586845339699,2017-05-18 15:51:35,134577330,0.00018734,0.05868453,7194182,sell
2,0.07227500,1.35399985e-05,2017-05-18 15:51:34,134577323,0.00018734,0.00001353,7194181,sell
3,758.17016280,0.142043180001,2017-05-18 15:51:33,134577278,0.00018735,0.14204318,7194180,buy
4,6674.14862200,1.25033500285,2017-05-18 15:51:32,134577255,0.00018734,1.25033500,7194179,sell
5,402.83538972,0.0754671819101,2017-05-18 15:51:31,134577246,0.00018734,0.07546718,7194178,sell
6,0.00907441,1.6999999694e-06,2017-05-18 15:51:31,134577243,0.00018734,0.00000169,7194177,sell
0,1.66343299,0.000311644170676,2017-05-18 15:51:40,134577387,0.00018735,0.00031164,7194191,sell
1,0.03878937,7.2679642569e-06,2017-05-18 15:51:40,134577386,0.00018737,0.00000726,7194190,buy
2,2135.04136643,0.400000000001,2017-05-18 15:51:39,134577376,0.00018735,0.40000000,7194189,buy
3,451.53640684,0.0845953458215,2017-05-18 15:51:39,134577375,0.00018735,0.08459534,7194188,buy
4,0.00010675,1.9998545e-08,2017-05-18 15:51:39,134577370,0.00018734,0.00000001,7194187,sell
5,125.21912731,0.0234598035015,2017-05-18 15:51:39,134577367,0.00018735,0.02345980,7194186,buy
6,9064.30402237,1.69819735859,2017-05-18 15:51:37,134577351,0.00018735,1.69819735,7194185,buy
7,1000.00000000,0.18734,2017-05-18 15:51:37,134577344,0.00018734,0.18734000,7194184,sell
0,0.00005462,1.02341494e-08,2017-05-18 15:51:44,134577424,0.00018737,0.00000001,7194194,buy
1,3.63875100,0.00068171999985,2017-05-18 15:51:43,134577419,0.00018735,0.00068171,7194193,sell
2,0.00002496,4.6767552e-09,2017-05-18 15:51:42,134577397,0.00018737,0.00000000,7194192,buy
0,0.00026688,4.9999968e-08,2017-05-18 15:51:51,134577509,0.00018735,0.00000004,7194198,sell
1,0.01597110,2.992505007e-06,2017-05-18 15:51:50,134577487,0.00018737,0.00000299,7194197,buy
2,1063.85460368,0.199313159999,2017-05-18 15:51:48,134577468,0.00018735,0.19931315,7194196,sell
3,56.60319778,0.0106051751361,2017-05-18 15:51:48,134577467,0.00018736,0.01060517,7194195,sell
0,3319.39473900,0.621988186194,2017-05-18 15:51:57,134577599,0.00018738,0.62198818,7194206,buy
1,1570.53343807,0.294270850291,2017-05-18 15:51:56,134577593,0.00018737,0.29427085,7194205,sell
2,0.04496379,8.4253149702e-06,2017-05-18 15:51:54,134577563,0.00018738,0.00000842,7194204,buy
3,2995.00000000,0.56111325,2017-05-18 15:51:53,134577554,0.00018735,0.56111325,7194203,sell
4,669.31619761,0.125416469108,2017-05-18 15:51:53,134577541,0.00018738,0.12541646,7194202,buy
5,7.37299739,0.00138147852096,2017-05-18 15:51:53,134577540,0.00018737,0.00138147,7194201,buy
6,0.00000108,2.023596e-10,2017-05-18 15:51:52,134577538,0.00018737,0.00000000,7194200,buy
7,0.07211102,1.3509999597e-05,2017-05-18 15:51:52,134577534,0.00018735,0.00001350,7194199,sell
0,2328.52033315,0.436248284416,2017-05-18 15:52:02,134577652,0.00018735,0.43624828,7194213,sell
1,31.40898471,0.00588447328542,2017-05-18 15:52:02,134577651,0.00018735,0.00588447,7194212,sell
2,6436.27762160,1.20583661241,2017-05-18 15:52:02,134577650,0.00018735,1.20583661,7194211,sell
3,47.24432940,0.00885216999968,2017-05-18 15:52:02,134577649,0.00018737,0.00885216,7194210,sell
4,71.72730257,0.0134395446825,2017-05-18 15:52:02,134577648,0.00018737,0.01343954,7194209,sell
5,1.60471275,0.000300675027967,2017-05-18 15:52:00,134577632,0.00018737,0.00030067,7194208,sell
6,1.50000000,0.00028107,2017-05-18 15:51:58,134577612,0.00018738,0.00028107,7194207,buy
0,0.57523352,0.000107769999972,2017-05-18 15:52:04,134577677,0.00018735,0.00010776,7194219,sell
1,0.01483853,2.7799985955e-06,2017-05-18 15:52:04,134577669,0.00018735,0.00000277,7194218,sell
2,6700.00000000,1.25558,2017-05-18 15:52:03,134577662,0.00018740,1.25558000,7194217,buy
3,1103.96468430,0.206860902544,2017-05-18 15:52:03,134577661,0.00018738,0.20686090,7194216,buy
4,22948.27543810,4.30004785159,2017-05-18 15:52:03,134577660,0.00018738,4.30004785,7194215,buy
5,0.09710579,1.81956829302e-05,2017-05-18 15:52:03,134577658,0.00018738,0.00001819,7194214,buy
0,1597.44812457,0.299281906138,2017-05-18 15:52:13,134577763,0.00018735,0.29928190,7194227,sell
1,708.03340530,0.132657138817,2017-05-18 15:52:13,134577762,0.00018736,0.13265713,7194226,sell
2,1000.00000000,0.18737,2017-05-18 15:52:13,134577759,0.00018737,0.18737000,7194225,sell
3,0.06035724,1.13163789276e-05,2017-05-18 15:52:13,134577752,0.00018749,0.00001131,7194224,buy
4,798.04236980,0.149537179253,2017-05-18 15:52:11,134577740,0.00018738,0.14953717,7194223,sell
5,1.95763020,0.000366820746876,2017-05-18 15:52:10,134577739,0.00018738,0.00036682,7194222,sell
6,0.00000046,8.61948e-11,2017-05-18 15:52:10,134577738,0.00018738,0.00000000,7194221,sell
7,10647.88125700,1.99519998994,2017-05-18 15:52:09,134577734,0.00018738,1.99519998,7194220,sell
0,0.92533333,0.000173490746042,2017-05-18 15:52:17,134577809,0.00018749,0.00017349,7194235,buy
1,500.00000000,0.093685,2017-05-18 15:52:16,134577790,0.00018737,0.09368500,7194234,sell
2,0.00005504,1.03194496e-08,2017-05-18 15:52:16,134577789,0.00018749,0.00000001,7194233,buy
3,823.57887185,0.154313973219,2017-05-18 15:52:15,134577786,0.00018737,0.15431397,7194232,sell
4,25.53997225,0.00478568000021,2017-05-18 15:52:15,134577785,0.00018738,0.00478568,7194231,sell
5,0.01483616,2.7799996608e-06,2017-05-18 15:52:15,134577783,0.00018738,0.00000277,7194230,sell
6,0.00000001,1.8749e-12,2017-05-18 15:52:15,134577782,0.00018749,0.00000000,7194229,buy
7,0.00010673,1.99990674e-08,2017-05-18 15:52:14,134577776,0.00018738,0.00000001,7194228,sell
0,139.21958546,0.0260994956862,2017-05-18 15:52:24,134577876,0.00018747,0.02609949,7194248,buy
1,1642.23125790,0.307672026168,2017-05-18 15:52:23,134577871,0.00018735,0.30767202,7194247,sell
2,751.79011610,0.140847878251,2017-05-18 15:52:23,134577870,0.00018735,0.14084787,7194246,sell
3,59.07995093,0.0110763092004,2017-05-18 15:52:23,134577865,0.00018748,0.01107630,7194245,buy
4,278.09709504,0.0521376433781,2017-05-18 15:52:23,134577864,0.00018748,0.05213764,7194244,buy
5,1910.60641457,0.35795211177,2017-05-18 15:52:22,134577857,0.00018735,0.35795211,7194243,sell
6,3534.87728555,0.662259259448,2017-05-18 15:52:22,134577856,0.00018735,0.66225925,7194242,sell
7,724.24580329,0.135694693704,2017-05-18 15:52:22,134577855,0.00018736,0.13569469,7194241,sell
8,472.74994559,0.0885791573052,2017-05-18 15:52:22,134577854,0.00018737,0.08857915,7194240,sell
9,1.00000000,0.00018737,2017-05-18 15:52:21,134577845,0.00018737,0.00018737,7194239,sell
10,2194.41027216,0.411166652695,2017-05-18 15:52:21,134577841,0.00018737,0.41116665,7194238,sell
11,2681.58057184,0.502447751746,2017-05-18 15:52:21,134577840,0.00018737,0.50244775,7194237,sell
12,1331.87423300,0.249553275037,2017-05-18 15:52:20,134577833,0.00018737,0.24955327,7194236,sell
0,0.00069385,1.29999736e-07,2017-05-18 15:52:29,134577954,0.00018736,0.00000012,7194263,sell
1,8.00512327,0.00149999999833,2017-05-18 15:52:29,134577952,0.00018738,0.00149999,7194262,buy
2,0.02135155,3.999999377e-06,2017-05-18 15:52:27,134577922,0.00018734,0.00000399,7194261,sell
3,277.80741057,0.0520555525926,2017-05-18 15:52:26,134577920,0.00018738,0.05205555,7194260,buy
4,0.00069392,1.299989728e-07,2017-05-18 15:52:26,134577908,0.00018734,0.00000012,7194259,sell
5,1000.00000000,0.18734,2017-05-18 15:52:25,134577905,0.00018734,0.18734000,7194258,sell
6,8.00085342,0.00149919991384,2017-05-18 15:52:25,134577904,0.00018738,0.00149919,7194257,buy
7,0.00069392,1.299989728e-07,2017-05-18 15:52:25,134577898,0.00018734,0.00000012,7194256,sell
8,8.00085342,0.00149919991384,2017-05-18 15:52:25,134577896,0.00018738,0.00149919,7194255,buy
9,1511.23397463,0.283114572807,2017-05-18 15:52:24,134577895,0.00018734,0.28311457,7194254,sell
10,83.90519910,0.0157187999994,2017-05-18 15:52:24,134577894,0.00018734,0.01571879,7194253,sell
11,206.94283427,0.0387707400005,2017-05-18 15:52:24,134577893,0.00018735,0.03877074,7194252,sell
12,6.38975179,0.00119711999786,2017-05-18 15:52:24,134577892,0.00018735,0.00119711,7194251,sell
13,2133.75840021,0.399759636279,2017-05-18 15:52:24,134577891,0.00018735,0.39975963,7194250,sell
14,1331.87423300,0.249526637553,2017-05-18 15:52:24,134577887,0.00018735,0.24952663,7194249,sell
0,0.03837941,7.1899986694e-06,2017-05-18 15:52:34,134578008,0.00018734,0.00000718,7194273,sell
1,163.12699270,0.0305602108124,2017-05-18 15:52:33,134577989,0.00018734,0.03056021,7194272,sell
2,4900.02891639,0.917971417197,2017-05-18 15:52:33,134577988,0.00018734,0.91797141,7194271,sell
3,1277.15794025,0.239275540106,2017-05-18 15:52:33,134577987,0.00018735,0.23927554,7194270,sell
4,1867.82357355,0.350160885333,2017-05-18 15:52:32,134577980,0.00018747,0.35016088,7194269,buy
5,498.18575978,0.0933500476676,2017-05-18 15:52:32,134577979,0.00018738,0.09335004,7194268,buy
6,275.62626724,0.0516385811674,2017-05-18 15:52:32,134577975,0.00018735,0.05163858,7194267,sell
7,56.24796576,0.0105391813445,2017-05-18 15:52:32,134577974,0.00018737,0.01053918,7194266,sell
8,212.47301162,0.039806818727,2017-05-18 15:52:30,134577959,0.00018735,0.03980681,7194265,sell
9,787.52698838,0.147551056543,2017-05-18 15:52:30,134577958,0.00018736,0.14755105,7194264,sell
0,684.82035484,0.128266852462,2017-05-18 15:52:40,134578090,0.00018730,0.12826685,7194286,sell
1,272.93363588,0.0511204700003,2017-05-18 15:52:40,134578089,0.00018730,0.05112047,7194285,sell
2,10.00000000,0.0018731,2017-05-18 15:52:40,134578088,0.00018731,0.00187310,7194284,sell
3,32.24600928,0.00603999999824,2017-05-18 15:52:40,134578087,0.00018731,0.00603999,7194283,sell
4,1000.00000000,0.18733,2017-05-18 15:52:39,134578077,0.00018733,0.18733000,7194282,sell
5,180.36728441,0.0337882033885,2017-05-18 15:52:39,134578074,0.00018733,0.03378820,7194281,sell
6,5325.07734612,0.997599990022,2017-05-18 15:52:39,134578073,0.00018734,0.99759999,7194280,sell
7,891.82283116,0.16707408919,2017-05-18 15:52:39,134578072,0.00018734,0.16707408,7194279,sell
8,566.99192131,0.106225936457,2017-05-18 15:52:39,134578071,0.00018735,0.10622593,7194278,sell
9,449.00807869,0.0841216635426,2017-05-18 15:52:38,134578064,0.00018735,0.08412166,7194277,sell
10,508.81344342,0.0953261986247,2017-05-18 15:52:38,134578063,0.00018735,0.09532619,7194276,sell
11,10.00000000,0.0018738,2017-05-18 15:52:38,134578062,0.00018738,0.00187380,7194275,sell
12,67.91909489,0.0127266800005,2017-05-18 15:52:38,134578061,0.00018738,0.01272668,7194274,sell
0,17.88444707,0.00335279729221,2017-05-18 15:52:45,134578154,0.00018747,0.00335279,7194290,buy
1,0.33585912,6.2939999088e-05,2017-05-18 15:52:44,134578136,0.00018740,0.00006293,7194289,sell
2,278.11192926,0.0521376433784,2017-05-18 15:52:43,134578132,0.00018747,0.05213764,7194288,buy
3,2206.21527300,0.413224120633,2017-05-18 15:52:40,134578101,0.00018730,0.41322412,7194287,sell
0,8.00085342,0.00149999999918,2017-05-18 15:52:51,134578195,0.00018748,0.00149999,7194301,buy
1,459.36748937,0.0860762801582,2017-05-18 15:52:49,134578186,0.00018738,0.08607628,7194300,sell
2,0.00138755,2.59999119e-07,2017-05-18 15:52:49,134578185,0.00018738,0.00000025,7194299,sell
3,564.37207038,0.105752038548,2017-05-18 15:52:49,134578183,0.00018738,0.10575203,7194298,sell
4,1.61111906,0.000301923711844,2017-05-18 15:52:48,134578182,0.00018740,0.00030192,7194297,sell
5,8.00128020,0.00149999999909,2017-05-18 15:52:48,134578181,0.00018747,0.00149999,7194296,sell
6,8.00128020,0.00149999999909,2017-05-18 15:52:48,134578180,0.00018747,0.00149999,7194295,sell
7,730.91493416,0.137024622707,2017-05-18 15:52:48,134578179,0.00018747,0.13702462,7194294,sell
8,277.79259338,0.0520805554069,2017-05-18 15:52:48,134578174,0.00018748,0.05208055,7194293,buy
9,8.00085342,0.00149999999918,2017-05-18 15:52:48,134578163,0.00018748,0.00149999,7194292,buy
10,166.85825702,0.0312825860261,2017-05-18 15:52:48,134578161,0.00018748,0.03128258,7194291,buy
0,764.93529631,0.143272380999,2017-05-18 15:52:55,134578245,0.00018730,0.14327238,7194315,buy
1,155.36572344,0.0291000000003,2017-05-18 15:52:55,134578244,0.00018730,0.02910000,7194314,sell
2,533.90282968,0.0999999999991,2017-05-18 15:52:55,134578243,0.00018730,0.09999999,7194313,sell
3,400.00000000,0.07492,2017-05-18 15:52:55,134578242,0.00018730,0.07492000,7194312,sell
4,501.20411106,0.0938755300015,2017-05-18 15:52:55,134578241,0.00018730,0.09387553,7194311,sell
5,23.44004270,0.00439031999771,2017-05-18 15:52:55,134578240,0.00018730,0.00439031,7194310,sell
6,1000.00000000,0.1873,2017-05-18 15:52:55,134578239,0.00018730,0.18730000,7194309,sell
7,7763.52924134,1.4541090269,2017-05-18 15:52:55,134578238,0.00018730,1.45410902,7194308,sell
8,12.78018575,0.0023942399984,2017-05-18 15:52:55,134578237,0.00018734,0.00239423,7194307,sell
9,8.00085342,0.00149895988824,2017-05-18 15:52:54,134578234,0.00018735,0.00149895,7194306,buy
10,278.08226241,0.0520987118625,2017-05-18 15:52:54,134578232,0.00018735,0.05209871,7194305,buy
11,188.52575394,0.0353203000007,2017-05-18 15:52:52,134578207,0.00018735,0.03532030,7194304,sell
12,1338.81145267,0.250866490001,2017-05-18 15:52:52,134578206,0.00018738,0.25086649,7194303,sell
13,41.47407041,0.00777141131343,2017-05-18 15:52:52,134578205,0.00018738,0.00777141,7194302,sell
0,7888.03238770,1.47884831205,2017-05-18 15:52:59,134578274,0.00018748,1.47884831,7194321,buy
1,321.20390423,0.060216095926,2017-05-18 15:52:59,134578273,0.00018747,0.06021609,7194320,buy
2,5336.17929562,0.999999999999,2017-05-18 15:52:59,134578272,0.00018740,0.99999999,7194319,buy
3,813.90731518,0.152485535499,2017-05-18 15:52:59,134578271,0.00018735,0.15248553,7194318,buy
4,2156.89006765,0.403985509671,2017-05-18 15:52:59,134578270,0.00018730,0.40398550,7194317,buy
5,127.33413884,0.0238496842047,2017-05-18 15:52:57,134578258,0.00018730,0.02384968,7194316,buy
0,750.76397696,0.140745722761,2017-05-18 15:53:03,134578297,0.00018747,0.14074572,7194324,sell
1,1248.42577827,0.234042380652,2017-05-18 15:53:03,134578296,0.00018747,0.23404238,7194323,buy
2,960.81989964,0.179999999999,2017-05-18 15:53:03,134578295,0.00018734,0.17999999,7194322,buy
0,541.88290886,0.10148925,2017-05-18 15:53:12,134578368,0.00018729,0.10148925,7194330,sell
1,167.00298806,0.0312863397832,2017-05-18 15:53:12,134578367,0.00018734,0.03128633,7194329,sell
2,2079.73153603,0.389741689852,2017-05-18 15:53:12,134578363,0.00018740,0.38974168,7194328,buy
3,2025.93054324,0.379639124498,2017-05-18 15:53:12,134578362,0.00018739,0.37963912,7194327,buy
4,170.00000000,0.0318529,2017-05-18 15:53:12,134578361,0.00018737,0.03185290,7194326,buy
5,1871.01557499,0.350628318753,2017-05-18 15:53:08,134578324,0.00018740,0.35062831,7194325,buy
0,261.11883417,0.0488501114965,2017-05-18 15:53:16,134578418,0.00018708,0.04885011,7194336,sell
1,60.00000000,0.011232,2017-05-18 15:53:16,134578417,0.00018720,0.01123200,7194335,sell
2,11255.52671233,2.11018614803,2017-05-18 15:53:14,134578394,0.00018748,2.11018614,7194334,buy
3,5298.48891202,0.992936822113,2017-05-18 15:53:14,134578393,0.00018740,0.99293682,7194333,buy
4,459.59526436,0.086077597062,2017-05-18 15:53:14,134578392,0.00018729,0.08607759,7194332,buy
5,1331.51883872,0.249380163304,2017-05-18 15:53:13,134578375,0.00018729,0.24938016,7194331,buy
0,5504.40352282,1.03119495597,2017-05-18 15:53:23,134578526,0.00018734,1.03119495,7194341,buy
1,166.98295092,0.0312825860254,2017-05-18 15:53:21,134578454,0.00018734,0.03128258,7194340,buy
2,32005.12081933,5.99583933429,2017-05-18 15:53:20,134578450,0.00018734,5.99583933,7194339,buy
3,133.35467008,0.0249826638928,2017-05-18 15:53:20,134578446,0.00018734,0.02498266,7194338,buy
4,0.00102055,1.91189837e-07,2017-05-18 15:53:20,134578445,0.00018734,0.00000019,7194337,buy
0,610.01931242,0.114287118182,2017-05-18 15:53:28,134578590,0.00018735,0.11428711,7194348,sell
1,8.46414979,0.00158525061417,2017-05-18 15:53:26,134578572,0.00018729,0.00158525,7194347,buy
2,0.00000034,6.3682e-11,2017-05-18 15:53:26,134578566,0.00018730,0.00000000,7194346,sell
3,3319.55525163,0.622350218576,2017-05-18 15:53:26,134578556,0.00018748,0.62235021,7194345,buy
4,15569.02033006,2.91670026863,2017-05-18 15:53:26,134578555,0.00018734,2.91670026,7194344,buy
5,1000.00000000,0.1873,2017-05-18 15:53:25,134578554,0.00018730,0.18730000,7194343,sell
6,3282.96844600,0.614899989936,2017-05-18 15:53:24,134578531,0.00018730,0.61489998,7194342,sell
0,1328.41274027,0.249037536418,2017-05-18 15:53:34,134578640,0.00018747,0.24903753,7194359,buy
1,673.18854075,0.126081481797,2017-05-18 15:53:34,134578639,0.00018729,0.12608148,7194358,buy
2,43.98670866,0.00824047000036,2017-05-18 15:53:33,134578637,0.00018734,0.00824047,7194357,sell
3,539.19908589,0.101018948741,2017-05-18 15:53:33,134578636,0.00018735,0.10101894,7194356,sell
4,49.91135922,0.00935688251297,2017-05-18 15:53:32,134578631,0.00018747,0.00935688,7194355,buy
5,8.09714799,0.00151700067593,2017-05-18 15:53:32,134578629,0.00018735,0.00151700,7194354,sell
6,166.76545506,0.0312635198601,2017-05-18 15:53:32,134578621,0.00018747,0.03126351,7194353,buy
7,5183.25839909,0.971757284661,2017-05-18 15:53:31,134578612,0.00018748,0.97175728,7194352,buy
8,138.34161559,0.0259349026747,2017-05-18 15:53:31,134578611,0.00018747,0.02593490,7194351,buy
9,1992.40591200,0.373277247613,2017-05-18 15:53:29,134578604,0.00018735,0.37327724,7194350,sell
10,10.74954003,0.00201392632462,2017-05-18 15:53:29,134578602,0.00018735,0.00201392,7194349,sell
0,1117.40515189,0.209479943825,2017-05-18 15:53:37,134578671,0.00018747,0.20947994,7194362,buy
1,8.03046954,0.00150402664015,2017-05-18 15:53:37,134578668,0.00018729,0.00150402,7194361,buy
2,11.70753065,0.00219481077096,2017-05-18 15:53:36,134578654,0.00018747,0.00219481,7194360,buy
0,1330.73030620,0.249352244776,2017-05-18 15:53:41,134578698,0.00018738,0.24935224,7194366,sell
1,9.78569219,0.00183364300256,2017-05-18 15:53:41,134578695,0.00018738,0.00183364,7194365,sell
2,157.84840562,0.0295776342451,2017-05-18 15:53:39,134578691,0.00018738,0.02957763,7194364,sell
3,1549.68824972,0.290520056175,2017-05-18 15:53:39,134578690,0.00018747,0.29052005,7194363,sell
0,0.00108252,2.02810122e-07,2017-05-18 15:53:49,134578827,0.00018735,0.00000020,7194374,buy
1,432.97210486,0.0810134105404,2017-05-18 15:53:47,134578809,0.00018711,0.08101341,7194373,sell
2,55.59806497,0.010408513743,2017-05-18 15:53:47,134578808,0.00018721,0.01040851,7194372,sell
3,1.88528705,0.000353020000113,2017-05-18 15:53:47,134578807,0.00018725,0.00035302,7194371,sell
4,1009.54454312,0.189087692926,2017-05-18 15:53:47,134578806,0.00018730,0.18908769,7194370,sell
5,6964.25938300,1.30440578244,2017-05-18 15:53:47,134578779,0.00018730,1.30440578,7194369,sell
6,2491.58141318,0.466673198689,2017-05-18 15:53:45,134578731,0.00018730,0.46667319,7194368,sell
7,563.00752682,0.105468199999,2017-05-18 15:53:45,134578730,0.00018733,0.10546819,7194367,sell
0,1000.00000000,0.18735,2017-05-18 15:53:53,134578852,0.00018735,0.18735000,7194375,buy
0,3000.00000000,0.56205,2017-05-18 15:53:58,134578920,0.00018735,0.56205000,7194379,buy
1,2.64000000,0.000494604,2017-05-18 15:53:57,134578915,0.00018735,0.00049460,7194378,buy
2,43.64496224,0.00817644722604,2017-05-18 15:53:56,134578907,0.00018734,0.00817644,7194377,sell
3,6.66936897,0.00124943958284,2017-05-18 15:53:56,134578905,0.00018734,0.00124943,7194376,sell
0,192.61422773,0.0360670141424,2017-05-18 15:54:05,134578984,0.00018725,0.03606701,7194384,buy
1,319.47256338,0.0598499900236,2017-05-18 15:54:04,134578965,0.00018734,0.05984999,7194383,sell
2,1.65000000,0.000309111,2017-05-18 15:54:04,134578964,0.00018734,0.00030911,7194382,sell
3,19.68566879,0.00368791319112,2017-05-18 15:54:04,134578963,0.00018734,0.00368791,7194381,sell
4,764.39919936,0.14321019,2017-05-18 15:54:03,134578955,0.00018735,0.14321019,7194380,buy
0,55.21500445,0.0103439789337,2017-05-18 15:54:11,134579048,0.00018734,0.01034397,7194390,sell
1,0.00000024,4.49616e-11,2017-05-18 15:54:10,134579030,0.00018734,0.00000000,7194389,sell
2,1731.75157776,0.324426340578,2017-05-18 15:54:10,134579029,0.00018734,0.32442634,7194388,sell
3,133.22670310,0.0249600228258,2017-05-18 15:54:06,134579008,0.00018735,0.02496002,7194387,buy
4,1119.51799761,0.209741696852,2017-05-18 15:54:06,134579007,0.00018735,0.20974169,7194386,buy
5,307.35351119,0.0575826803214,2017-05-18 15:54:06,134579006,0.00018735,0.05758268,7194385,buy
0,378.20036494,0.0707234682438,2017-05-18 15:54:17,134579113,0.00018700,0.07072346,7194405,sell
1,80.21390375,0.0150000000012,2017-05-18 15:54:17,134579112,0.00018700,0.01500000,7194404,sell
2,534.75935829,0.1,2017-05-18 15:54:17,134579111,0.00018700,0.10000000,7194403,sell
3,70.00000000,0.01309,2017-05-18 15:54:17,134579110,0.00018700,0.01309000,7194402,sell
4,17.99433155,0.00336493999985,2017-05-18 15:54:17,134579109,0.00018700,0.00336493,7194401,sell
5,22.95540345,0.00429288999918,2017-05-18 15:54:17,134579108,0.00018701,0.00429288,7194400,sell
6,290.00000000,0.0542445,2017-05-18 15:54:17,134579107,0.00018705,0.05424450,7194399,sell
7,25.43715584,0.00475801999987,2017-05-18 15:54:17,134579106,0.00018705,0.00475801,7194398,sell
8,7.42889982,0.00138965000033,2017-05-18 15:54:17,134579105,0.00018706,0.00138965,7194397,sell
9,5345.59255894,1.0,2017-05-18 15:54:17,134579104,0.00018707,1.00000000,7194396,sell
10,5229.08711919,0.9783622,2017-05-18 15:54:17,134579103,0.00018710,0.97836220,7194395,sell
11,81.31270376,0.0152144200005,2017-05-18 15:54:17,134579102,0.00018711,0.01521442,7194394,sell
12,1443.37912923,0.27007066887,2017-05-18 15:54:17,134579101,0.00018711,0.27007066,7194393,sell
13,28.14488433,0.00526618930699,2017-05-18 15:54:16,134579094,0.00018711,0.00526618,7194392,sell
14,106.78056593,0.0199999999987,2017-05-18 15:54:16,134579093,0.00018730,0.01999999,7194391,sell
0,0.00001895,3.5529355e-09,2017-05-18 15:54:22,134579153,0.00018749,0.00000000,7194414,buy
1,3045.21668052,0.569455519257,2017-05-18 15:54:20,134579137,0.00018700,0.56945551,7194413,sell
2,65.18052614,0.0122200450407,2017-05-18 15:54:20,134579136,0.00018748,0.01222004,7194412,sell
3,3000.32895651,0.562501672766,2017-05-18 15:54:19,134579128,0.00018748,0.56250167,7194411,buy
4,163.31238755,0.0305965758075,2017-05-18 15:54:19,134579127,0.00018735,0.03059657,7194410,buy
5,1221.26964602,0.228804868182,2017-05-18 15:54:19,134579126,0.00018735,0.22880486,7194409,buy
6,16013.66499412,3.0,2017-05-18 15:54:19,134579125,0.00018734,2.99999999,7194408,buy
7,5472.48112540,1.02521461403,2017-05-18 15:54:19,134579124,0.00018734,1.02521461,7194407,buy
8,13.23190784,0.00247820401935,2017-05-18 15:54:19,134579123,0.00018729,0.00247820,7194406,buy
0,439.80524868,0.0823975133402,2017-05-18 15:54:24,134579176,0.00018735,0.08239751,7194417,sell
1,2200.56348000,0.412275567978,2017-05-18 15:54:24,134579172,0.00018735,0.41227556,7194416,sell
2,17.24290730,0.00323045868265,2017-05-18 15:54:23,134579160,0.00018735,0.00323045,7194415,sell
0,1869.86049935,0.350318364553,2017-05-18 15:54:31,134579242,0.00018735,0.35031836,7194423,buy
1,2.00000000,0.00037466,2017-05-18 15:54:31,134579241,0.00018733,0.00037466,7194422,buy
2,559.37561991,0.104771053609,2017-05-18 15:54:31,134579240,0.00018730,0.10477105,7194421,buy
3,5.97697157,0.00111864999904,2017-05-18 15:54:29,134579226,0.00018716,0.00111864,7194420,sell
4,68.68180427,0.0128641019398,2017-05-18 15:54:29,134579224,0.00018730,0.01286410,7194419,buy
5,239.15304164,0.0447598832733,2017-05-18 15:54:28,134579215,0.00018716,0.04475988,7194418,sell
0,11314.41498006,2.12133966461,2017-05-18 15:54:35,134579267,0.00018749,2.12133966,7194428,buy
1,8435.61700000,1.58142511899,2017-05-18 15:54:35,134579266,0.00018747,1.58142511,7194427,buy
2,1353.99046003,0.253764892019,2017-05-18 15:54:35,134579265,0.00018742,0.25376489,7194426,buy
3,22.22188793,0.00416393736032,2017-05-18 15:54:35,134579264,0.00018738,0.00416393,7194425,buy
4,787.75113663,0.147585175448,2017-05-18 15:54:35,134579263,0.00018735,0.14758517,7194424,buy
0,349.80191182,0.0654689258162,2017-05-18 15:54:43,134579335,0.00018716,0.06546892,7194434,sell
1,533.76034161,0.0999733119836,2017-05-18 15:54:43,134579332,0.00018730,0.09997331,7194433,buy
2,900.00000000,0.16857,2017-05-18 15:54:43,134579320,0.00018730,0.16857000,7194432,sell
3,224.17939685,0.0420000099998,2017-05-18 15:54:43,134579319,0.00018735,0.04200000,7194431,sell
4,132.75764483,0.0248880756763,2017-05-18 15:54:43,134579318,0.00018747,0.02488807,7194430,sell
5,0.59702525,0.000111924323617,2017-05-18 15:54:41,134579311,0.00018747,0.00011192,7194429,sell
0,1333.95611319,0.24984998,2017-05-18 15:54:48,134579365,0.00018730,0.24984998,7194441,buy
1,10.00000000,0.001873,2017-05-18 15:54:48,134579362,0.00018730,0.00187300,7194440,buy
2,1.96485146,0.000368016678458,2017-05-18 15:54:48,134579361,0.00018730,0.00036801,7194439,buy
3,5.57844668,0.00104484306316,2017-05-18 15:54:46,134579347,0.00018730,0.00104484,7194438,buy
4,612.99543780,0.1148140455,2017-05-18 15:54:45,134579346,0.00018730,0.11481404,7194437,buy
5,513.20314919,0.0961229498433,2017-05-18 15:54:45,134579343,0.00018730,0.09612294,7194436,buy
6,34.66851565,0.00649341298125,2017-05-18 15:54:44,134579340,0.00018730,0.00649341,7194435,buy
0,2640.57450312,0.494553198689,2017-05-18 15:54:52,134579402,0.00018729,0.49455319,7194445,buy
1,4473.98961467,0.837933514932,2017-05-18 15:54:52,134579398,0.00018729,0.83793351,7194444,buy
2,855.36446761,0.160149889271,2017-05-18 15:54:52,134579397,0.00018723,0.16014988,7194443,buy
3,500.00000000,0.093615,2017-05-18 15:54:49,134579375,0.00018723,0.09361500,7194442,buy
0,50.00000000,0.009365,2017-05-18 15:54:59,134579513,0.00018730,0.00936500,7194449,buy
1,704.14890503,0.131887089912,2017-05-18 15:54:56,134579500,0.00018730,0.13188708,7194448,buy
2,324.58947815,0.0607891174679,2017-05-18 15:54:56,134579499,0.00018728,0.06078911,7194447,buy
3,510.78551287,0.0956599108503,2017-05-18 15:54:56,134579497,0.00018728,0.09565991,7194446,buy
0,2663.82525306,0.498934469898,2017-05-18 15:55:05,134579556,0.00018730,0.49893446,7194454,buy
1,675.83298639,0.126583518351,2017-05-18 15:55:03,134579548,0.00018730,0.12658351,7194453,buy
2,0.03609106,6.759855538e-06,2017-05-18 15:55:03,134579538,0.00018730,0.00000675,7194452,buy
3,1051.43348624,0.196933491973,2017-05-18 15:55:02,134579530,0.00018730,0.19693349,7194451,buy
4,970.03586869,0.181687718206,2017-05-18 15:55:01,134579519,0.00018730,0.18168771,7194450,buy
0,133.34044482,0.0249733319103,2017-05-18 15:55:11,134579606,0.00018729,0.02497333,7194459,buy
1,47.35548439,0.0088692086714,2017-05-18 15:55:10,134579601,0.00018729,0.00886920,7194458,buy
2,100.00000000,0.018729,2017-05-18 15:55:10,134579596,0.00018729,0.01872900,7194457,buy
3,133.48283411,0.0250000000005,2017-05-18 15:55:07,134579576,0.00018729,0.02500000,7194456,buy
4,10082.13563575,1.88838400458,2017-05-18 15:55:06,134579565,0.00018730,1.88838400,7194455,buy
0,3901.14911907,0.730646218511,2017-05-18 15:55:14,134579623,0.00018729,0.73064621,7194463,buy
1,1376.73228453,0.25784818957,2017-05-18 15:55:13,134579619,0.00018729,0.25784818,7194462,buy
2,126.34849496,0.0236638096211,2017-05-18 15:55:13,134579618,0.00018729,0.02366380,7194461,buy
3,200.00000000,0.037458,2017-05-18 15:55:12,134579617,0.00018729,0.03745800,7194460,buy
0,707.86240589,0.132575549999,2017-05-18 15:55:22,134579685,0.00018729,0.13257554,7194464,buy
0,2690.43130973,0.503890879999,2017-05-18 15:55:28,134579729,0.00018729,0.50389087,7194467,buy
1,1597.78952427,0.299250000001,2017-05-18 15:55:27,134579717,0.00018729,0.29925000,7194466,buy
2,1067.80565936,0.199989321942,2017-05-18 15:55:24,134579700,0.00018729,0.19998932,7194465,buy
0,165.17885745,0.0309363482118,2017-05-18 15:55:33,134579763,0.00018729,0.03093634,7194473,buy
1,26.42406961,0.00494737855308,2017-05-18 15:55:31,134579747,0.00018723,0.00494737,7194472,sell
2,88.10337462,0.0164999999988,2017-05-18 15:55:31,134579746,0.00018728,0.01649999,7194471,sell
3,237.83656362,0.0445444100004,2017-05-18 15:55:30,134579738,0.00018729,0.04454441,7194470,buy
4,792.46145222,0.148420105386,2017-05-18 15:55:29,134579736,0.00018729,0.14842010,7194469,buy
5,500.00000000,0.093645,2017-05-18 15:55:29,134579734,0.00018729,0.09364500,7194468,buy
0,0.02005312,3.7557488448e-06,2017-05-18 15:55:38,134579806,0.00018729,0.00000375,7194482,buy
1,26.95356286,0.00504813278805,2017-05-18 15:55:36,134579796,0.00018729,0.00504813,7194481,buy
2,389.80492837,0.0730065650344,2017-05-18 15:55:35,134579792,0.00018729,0.07300656,7194480,buy
3,5022.63581489,0.940689461771,2017-05-18 15:55:35,134579791,0.00018729,0.94068946,7194479,buy
4,1354.93026931,0.253764890139,2017-05-18 15:55:35,134579790,0.00018729,0.25376489,7194478,buy
5,4482.24904401,0.839480423453,2017-05-18 15:55:35,134579789,0.00018729,0.83948042,7194477,buy
6,2198.73853171,0.411779752219,2017-05-18 15:55:35,134579788,0.00018728,0.41177975,7194476,buy
7,749.78010667,0.140418818377,2017-05-18 15:55:35,134579787,0.00018728,0.14041881,7194475,buy
8,22.56036094,0.00422533000045,2017-05-18 15:55:35,134579786,0.00018729,0.00422533,7194474,buy
0,1.94746116,0.000364720526045,2017-05-18 15:55:44,134579870,0.00018728,0.00036472,7194494,buy
1,0.06568585,1.2301645988e-05,2017-05-18 15:55:43,134579866,0.00018728,0.00001230,7194493,buy
2,2788.24869662,0.521402506268,2017-05-18 15:55:42,134579861,0.00018700,0.52140250,7194492,sell
3,241.48336898,0.0451573899993,2017-05-18 15:55:42,134579860,0.00018700,0.04515738,7194491,sell
4,534.73076306,0.0999999999999,2017-05-18 15:55:42,134579859,0.00018701,0.09999999,7194490,sell
5,10.79488930,0.00201886019689,2017-05-18 15:55:42,134579858,0.00018702,0.00201886,7194489,sell
6,4317.95103303,0.807543202197,2017-05-18 15:55:42,134579857,0.00018702,0.80754320,7194488,sell
7,346.65241785,0.0648760000006,2017-05-18 15:55:42,134579856,0.00018715,0.06487600,7194487,sell
8,90.00000000,0.0168435,2017-05-18 15:55:41,134579855,0.00018715,0.01684350,7194486,sell
9,144.62624806,0.0270725873744,2017-05-18 15:55:41,134579854,0.00018719,0.02707258,7194485,sell
10,107.10154061,0.0200526214484,2017-05-18 15:55:41,134579853,0.00018723,0.02005262,7194484,sell
11,55.18804599,0.0103334097312,2017-05-18 15:55:41,134579852,0.00018724,0.01033340,7194483,sell
0,40.00000000,0.0074896,2017-05-18 15:55:48,134579902,0.00018724,0.00748960,7194496,buy
1,305.00000000,0.0571204,2017-05-18 15:55:45,134579882,0.00018728,0.05712040,7194495,buy
0,47941.97152406,8.965148675,2017-05-18 15:55:54,134579945,0.00018700,8.96514867,7194501,sell
1,749.22834891,0.14011319353,2017-05-18 15:55:54,134579944,0.00018701,0.14011319,7194500,sell
2,241.31832986,0.0451965099995,2017-05-18 15:55:53,134579934,0.00018729,0.04519650,7194499,buy
3,15.18804599,0.00284380973117,2017-05-18 15:55:53,134579931,0.00018724,0.00284380,7194498,buy
4,457.39580397,0.0856382163773,2017-05-18 15:55:53,134579930,0.00018723,0.08563821,7194497,buy
0,0.07451872,1.393500064e-05,2017-05-18 15:56:01,134580033,0.00018700,0.00001393,7194507,sell
1,201.00164834,0.0375893182561,2017-05-18 15:56:01,134580032,0.00018701,0.03758931,7194506,sell
2,1.15269489,0.000215738375612,2017-05-18 15:56:01,134580031,0.00018716,0.00021573,7194505,sell
3,0.91977917,0.000172145869457,2017-05-18 15:56:01,134580030,0.00018716,0.00017214,7194504,sell
4,1057.00000000,0.19795496,2017-05-18 15:56:01,134580029,0.00018728,0.19795496,7194503,sell
5,304.38236100,0.0570077723917,2017-05-18 15:55:56,134579949,0.00018729,0.05700777,7194502,buy
0,278.65953228,0.0521121191317,2017-05-18 15:56:05,134580062,0.00018701,0.05211211,7194511,buy
1,1018.70031387,0.190507145697,2017-05-18 15:56:05,134580059,0.00018701,0.19050714,7194510,buy
2,20.39142043,0.00381319562041,2017-05-18 15:56:05,134580058,0.00018700,0.00381319,7194509,buy
3,19.45992845,0.00363900662015,2017-05-18 15:56:03,134580041,0.00018700,0.00363900,7194508,buy
0,105.00000000,0.0196644,2017-05-18 15:56:20,134580173,0.00018728,0.01966440,7194528,buy
1,12.02286543,0.00225380635351,2017-05-18 15:56:20,134580167,0.00018746,0.00225380,7194527,buy
2,830.08250747,0.15560726685,2017-05-18 15:56:19,134580166,0.00018746,0.15560726,7194526,buy
3,6745.30429751,1.26447474361,2017-05-18 15:56:18,134580165,0.00018746,1.26447474,7194525,buy
4,651.26990196,0.122080543122,2017-05-18 15:56:18,134580164,0.00018745,0.12208054,7194524,buy
5,22.15537871,0.00415058864753,2017-05-18 15:56:18,134580163,0.00018734,0.00415058,7194523,buy
6,500.00000000,0.09367,2017-05-18 15:56:18,134580162,0.00018734,0.09367000,7194522,buy
7,3.22732674,0.000604478298402,2017-05-18 15:56:18,134580161,0.00018730,0.00060447,7194521,buy
8,3.74624171,0.000701671072283,2017-05-18 15:56:18,134580160,0.00018730,0.00070167,7194520,buy
9,3.64283147,0.000682302334331,2017-05-18 15:56:18,134580159,0.00018730,0.00068230,7194519,buy
10,2.06967458,0.000387650048834,2017-05-18 15:56:18,134580158,0.00018730,0.00038765,7194518,buy
11,618.45000000,0.115835685,2017-05-18 15:56:18,134580157,0.00018730,0.11583568,7194517,buy
12,2915.97970780,0.546162999271,2017-05-18 15:56:18,134580156,0.00018730,0.54616299,7194516,buy
13,809.22957845,0.151560607748,2017-05-18 15:56:18,134580155,0.00018729,0.15156060,7194515,buy
14,300.00000000,0.056184,2017-05-18 15:56:18,134580154,0.00018728,0.05618400,7194514,buy
15,1437.37144559,0.269176550616,2017-05-18 15:56:18,134580153,0.00018727,0.26917655,7194513,buy
16,3701.72495255,0.692259583376,2017-05-18 15:56:18,134580152,0.00018701,0.69225958,7194512,buy
0,12699.98730429,2.38073962006,2017-05-18 15:56:27,134580222,0.00018746,2.38073962,7194532,buy
1,4182.45108792,0.784000456431,2017-05-18 15:56:27,134580221,0.00018745,0.78400045,7194531,buy
2,118.04665793,0.0221077780971,2017-05-18 15:56:27,134580220,0.00018728,0.02210777,7194530,buy
3,613.60622288,0.114910037359,2017-05-18 15:56:27,134580219,0.00018727,0.11491003,7194529,buy
0,163.11970741,0.0305506900008,2017-05-18 15:56:32,134580239,0.00018729,0.03055069,7194533,sell
0,118.85262000,0.0222801121452,2017-05-18 15:56:38,134580266,0.00018746,0.02228011,7194538,buy
1,6805.37943231,1.27573642838,2017-05-18 15:56:37,134580261,0.00018746,1.27573642,7194537,buy
2,609.69845306,0.114287975026,2017-05-18 15:56:37,134580260,0.00018745,0.11428797,7194536,buy
3,10199.01338765,1.91007122724,2017-05-18 15:56:37,134580259,0.00018728,1.91007122,7194535,buy
4,4637.86690494,0.868579713957,2017-05-18 15:56:34,134580247,0.00018728,0.86857971,7194534,buy
0,0.00021389,3.99995689e-08,2017-05-18 15:56:44,134580319,0.00018701,0.00000003,7194542,sell
1,220.55111777,0.0412474700453,2017-05-18 15:56:43,134580315,0.00018702,0.04124747,7194541,sell
2,16.73007575,0.0031362200001,2017-05-18 15:56:40,134580294,0.00018746,0.00313622,7194540,buy
3,351.45075181,0.0658829579343,2017-05-18 15:56:39,134580285,0.00018746,0.06588295,7194539,buy
0,19.95000000,0.003739827,2017-05-18 15:56:47,134580344,0.00018746,0.00373982,7194545,buy
1,2447.20270194,0.458752618506,2017-05-18 15:56:47,134580341,0.00018746,0.45875261,7194544,buy
2,609.69845306,0.114287975026,2017-05-18 15:56:47,134580340,0.00018745,0.11428797,7194543,buy
0,0.00010694,1.99999188e-08,2017-05-18 15:56:55,134580469,0.00018702,0.00000001,7194552,sell
1,123.04160888,0.0230641495846,2017-05-18 15:56:52,134580423,0.00018745,0.02306414,7194551,buy
2,17013.61088871,3.1893714972,2017-05-18 15:56:51,134580421,0.00018746,3.18937149,7194550,buy
3,225.39240701,0.042152887959,2017-05-18 15:56:51,134580414,0.00018702,0.04215288,7194549,sell
4,520.70150051,0.0975117700005,2017-05-18 15:56:51,134580413,0.00018727,0.09751177,7194548,sell
5,0.54135299,0.000101390001497,2017-05-18 15:56:51,134580412,0.00018729,0.00010139,7194547,sell
6,1.94777873,0.000364818956129,2017-05-18 15:56:51,134580411,0.00018730,0.00036481,7194546,sell
0,0.00026735,4.9999797e-08,2017-05-18 15:56:56,134580479,0.00018702,0.00000004,7194553,sell
0,6.58665590,0.00123493211469,2017-05-18 15:57:09,134580555,0.00018749,0.00123493,7194574,buy
1,54.12461263,0.0101472823759,2017-05-18 15:57:09,134580554,0.00018748,0.01014728,7194573,buy
2,11300.76376918,2.11855418381,2017-05-18 15:57:09,134580553,0.00018747,2.11855418,7194572,buy
3,3669.72129418,0.687925953807,2017-05-18 15:57:09,134580552,0.00018746,0.68792595,7194571,buy
4,486.65684418,0.0912238254415,2017-05-18 15:57:09,134580551,0.00018745,0.09122382,7194570,buy
5,1495.75771264,0.280364825657,2017-05-18 15:57:09,134580550,0.00018744,0.28036482,7194569,buy
6,100.00000000,0.018744,2017-05-18 15:57:08,134580546,0.00018744,0.01874400,7194568,buy
7,25.96770162,0.00485596020294,2017-05-18 15:57:08,134580543,0.00018700,0.00485596,7194567,buy
8,26.67106964,0.00498749002268,2017-05-18 15:57:07,134580539,0.00018700,0.00498749,7194566,sell
9,10668.44914450,1.99499999002,2017-05-18 15:57:07,134580538,0.00018700,1.99499999,7194565,sell
10,2673.79679144,0.499999999999,2017-05-18 15:57:07,134580537,0.00018700,0.49999999,7194564,sell
11,55.12865764,0.0103090589787,2017-05-18 15:57:07,134580536,0.00018700,0.01030905,7194563,sell
12,1.95069519,0.00036478000053,2017-05-18 15:57:07,134580535,0.00018700,0.00036478,7194562,sell
13,321.52823529,0.0601257799992,2017-05-18 15:57:07,134580534,0.00018700,0.06012577,7194561,sell
14,47996.93190203,8.975906235,2017-05-18 15:57:07,134580533,0.00018701,8.97590623,7194560,sell
15,100.00000000,0.018701,2017-05-18 15:57:07,134580532,0.00018701,0.01870100,7194559,sell
16,820.94250000,0.153524456925,2017-05-18 15:57:07,134580531,0.00018701,0.15352445,7194558,sell
17,121.16400193,0.0226588800009,2017-05-18 15:57:07,134580530,0.00018701,0.02265888,7194557,sell
18,334.11416502,0.0624826900004,2017-05-18 15:57:07,134580529,0.00018701,0.06248269,7194556,sell
19,36.76008135,0.00687450281326,2017-05-18 15:57:07,134580528,0.00018701,0.00687450,7194555,sell
20,409.24120820,0.0765362907576,2017-05-18 15:57:07,134580527,0.00018702,0.07653629,7194554,sell
0,393.30488131,0.0736660042694,2017-05-18 15:57:12,134580577,0.00018730,0.07366600,7194576,sell
1,106.69511869,0.0199999999984,2017-05-18 15:57:12,134580576,0.00018745,0.01999999,7194575,sell
0,5.33475593,0.000999999999078,2017-05-18 15:57:27,134580729,0.00018745,0.00099999,7194586,sell
1,485.56407314,0.0910189855101,2017-05-18 15:57:27,134580728,0.00018745,0.09101898,7194585,sell
2,1993.24547444,0.373633864184,2017-05-18 15:57:26,134580720,0.00018745,0.37363386,7194584,sell
3,188.56841987,0.0353471503046,2017-05-18 15:57:25,134580714,0.00018745,0.03534715,7194583,sell
4,1745.82060772,0.327411196772,2017-05-18 15:57:25,134580712,0.00018754,0.32741119,7194582,buy
5,1.64752500,0.00030896036325,2017-05-18 15:57:25,134580711,0.00018753,0.00030896,7194581,buy
6,14360.13343378,2.69252501883,2017-05-18 15:57:25,134580710,0.00018750,2.69252501,7194580,buy
7,500.00000000,0.09375,2017-05-18 15:57:25,134580709,0.00018750,0.09375000,7194579,buy
8,305.09815758,0.0572028535647,2017-05-18 15:57:25,134580708,0.00018749,0.05720285,7194578,buy
9,0.83110058,0.000155823047744,2017-05-18 15:57:25,134580707,0.00018749,0.00015582,7194577,buy
0,1500.00000000,0.281175,2017-05-18 15:57:31,134580747,0.00018745,0.28117500,7194587,buy
0,15.15197909,0.00284023848042,2017-05-18 15:57:38,134580816,0.00018745,0.00284023,7194591,buy
1,492.00236124,0.0922209225908,2017-05-18 15:57:37,134580806,0.00018744,0.09222092,7194590,sell
2,14430.27577743,2.70553240551,2017-05-18 15:57:35,134580796,0.00018749,2.70553240,7194589,buy
3,681.81389431,0.127806014488,2017-05-18 15:57:35,134580795,0.00018745,0.12780601,7194588,buy
0,0.00010670,1.9999848e-08,2017-05-18 15:57:43,134580863,0.00018744,0.00000001,7194595,sell
1,30.24694255,0.0056709992587,2017-05-18 15:57:41,134580842,0.00018749,0.00567099,7194594,buy
2,4.81802091,0.00090313801958,2017-05-18 15:57:41,134580841,0.00018745,0.00090313,7194593,buy
3,0.00016005,2.9999772e-08,2017-05-18 15:57:40,134580832,0.00018744,0.00000002,7194592,sell
0,58.38663395,0.0109469099993,2017-05-18 15:57:48,134580904,0.00018749,0.01094690,7194602,buy
1,7447.15532068,1.39626715107,2017-05-18 15:57:47,134580878,0.00018749,1.39626715,7194601,buy
2,26.67377967,0.00499999999914,2017-05-18 15:57:47,134580877,0.00018745,0.00499999,7194600,buy
3,7538.18050734,1.4130319361,2017-05-18 15:57:47,134580876,0.00018745,1.41303193,7194599,buy
4,10.00000000,0.0018745,2017-05-18 15:57:46,134580872,0.00018745,0.00187450,7194598,buy
5,0.00010670,1.9999848e-08,2017-05-18 15:57:46,134580871,0.00018744,0.00000001,7194597,sell
6,1451.66949266,0.272115446399,2017-05-18 15:57:46,134580869,0.00018745,0.27211544,7194596,buy
0,6.66042617,0.0012484302813,2017-05-18 15:57:53,134580928,0.00018744,0.00124843,7194606,sell
1,1.24900000,0.00023417501,2017-05-18 15:57:52,134580923,0.00018749,0.00023417,7194605,buy
2,106.67235585,0.0199999999983,2017-05-18 15:57:51,134580922,0.00018749,0.01999999,7194604,buy
3,5.10032210,0.000956004374424,2017-05-18 15:57:50,134580919,0.00018744,0.00095600,7194603,sell
0,235.73000000,0.0441970177,2017-05-18 15:58:00,134580957,0.00018749,0.04419701,7194609,buy
1,14511.60928743,2.7207816253,2017-05-18 15:57:57,134580946,0.00018749,2.72078162,7194608,buy
2,4.89144989,0.000916853367382,2017-05-18 15:57:56,134580943,0.00018744,0.00091685,7194607,sell
0,6423.48847475,1.20466102855,2017-05-18 15:58:12,134581036,0.00018754,1.20466102,7194620,buy
1,196.48161507,0.0368403028256,2017-05-18 15:58:12,134581035,0.00018750,0.03684030,7194619,buy
2,6390.43823684,1.19814326503,2017-05-18 15:58:12,134581034,0.00018749,1.19814326,7194618,buy
3,10.00000000,0.0018749,2017-05-18 15:58:11,134581033,0.00018749,0.00187490,7194617,buy
4,1482.69229344,0.277915843482,2017-05-18 15:58:11,134581030,0.00018744,0.27791584,7194616,sell
5,45.21560378,0.00847521277252,2017-05-18 15:58:11,134581029,0.00018744,0.00847521,7194615,sell
6,790.38139878,0.148149089387,2017-05-18 15:58:11,134581028,0.00018744,0.14814908,7194614,sell
7,4775.16834730,0.895296313435,2017-05-18 15:58:11,134581026,0.00018749,0.89529631,7194613,buy
8,421.54705085,0.0790189946818,2017-05-18 15:58:11,134581025,0.00018745,0.07901899,7194612,buy
9,518.89746599,0.0972673299998,2017-05-18 15:58:07,134581008,0.00018745,0.09726732,7194611,sell
10,533.47559349,0.0999999999997,2017-05-18 15:58:07,134581007,0.00018745,0.09999999,7194610,sell
0,13.55380102,0.0025406600012,2017-05-18 15:58:17,134581099,0.00018745,0.00254066,7194625,sell
1,570.71593152,0.107003530001,2017-05-18 15:58:17,134581098,0.00018749,0.10700353,7194624,sell
2,41.77895848,0.00783313692542,2017-05-18 15:58:17,134581097,0.00018749,0.00783313,7194623,sell
3,50.00000000,0.0093745,2017-05-18 15:58:14,134581083,0.00018749,0.00937450,7194622,sell
4,8.22104152,0.00154136307458,2017-05-18 15:58:13,134581070,0.00018749,0.00154136,7194621,sell
0,10008.00640512,1.87600080064,2017-05-18 15:58:21,134581120,0.00018745,1.87600080,7194626,buy
0,737.70003417,0.136968765344,2017-05-18 15:58:31,134581303,0.00018567,0.13696876,7194696,sell
1,188.81178100,0.035079340792,2017-05-18 15:58:30,134581302,0.00018579,0.03507934,7194695,sell
2,86.38785726,0.0160500000003,2017-05-18 15:58:30,134581301,0.00018579,0.01605000,7194694,sell
3,461.94090420,0.0858286200004,2017-05-18 15:58:30,134581300,0.00018580,0.08582862,7194693,sell
4,65.00000000,0.012077,2017-05-18 15:58:30,134581299,0.00018580,0.01207700,7194692,sell
5,6.71225539,0.00124720417402,2017-05-18 15:58:30,134581298,0.00018581,0.00124720,7194691,sell
6,2684.91600855,0.498884243549,2017-05-18 15:58:30,134581297,0.00018581,0.49888424,7194690,sell
7,1871.18676708,0.34785362,2017-05-18 15:58:30,134581296,0.00018590,0.34785362,7194689,sell
8,1.54485800,0.00028721999936,2017-05-18 15:58:30,134581295,0.00018592,0.00028721,7194688,sell
9,250.37556334,0.04656484727,2017-05-18 15:58:30,134581294,0.00018598,0.04656484,7194687,sell
10,8.77322341,0.00163173182203,2017-05-18 15:58:29,134581293,0.00018599,0.00163173,7194686,sell
11,255.28409400,0.047482841484,2017-05-18 15:58:29,134581292,0.00018600,0.04748284,7194685,sell
12,93.10209678,0.0173169900011,2017-05-18 15:58:29,134581291,0.00018600,0.01731699,7194684,sell
13,100.20000000,0.0186372,2017-05-18 15:58:29,134581290,0.00018600,0.01863720,7194683,sell
14,5376.34408602,1.0,2017-05-18 15:58:29,134581289,0.00018600,0.99999999,7194682,sell
15,1.26217349,0.000234839999549,2017-05-18 15:58:29,134581288,0.00018606,0.00023483,7194681,sell
16,5008.00000000,0.93193872,2017-05-18 15:58:29,134581287,0.00018609,0.93193872,7194680,sell
17,14.94429829,0.00278098446879,2017-05-18 15:58:29,134581286,0.00018609,0.00278098,7194679,sell
18,12.86603255,0.00239423999723,2017-05-18 15:58:29,134581285,0.00018609,0.00239423,7194678,sell
19,2.90587000,0.000540782407,2017-05-18 15:58:28,134581284,0.00018610,0.00054078,7194677,sell
20,187.73336916,0.0349371800007,2017-05-18 15:58:28,134581283,0.00018610,0.03493718,7194676,sell
21,537.20118184,0.0999999999995,2017-05-18 15:58:28,134581282,0.00018615,0.09999999,7194675,sell
22,1960.00000000,0.3648736,2017-05-18 15:58:28,134581281,0.00018616,0.36487360,7194674,sell
23,24.76891953,0.00461246819488,2017-05-18 15:58:28,134581280,0.00018622,0.00461246,7194673,sell
24,17.51943595,0.00326281975133,2017-05-18 15:58:28,134581279,0.00018624,0.00326281,7194672,sell
25,112.44479252,0.0209473403986,2017-05-18 15:58:28,134581278,0.00018629,0.02094734,7194671,sell
26,10.40649491,0.00193873000173,2017-05-18 15:58:28,134581277,0.00018630,0.00193873,7194670,sell
27,5367.80000000,1.00002114,2017-05-18 15:58:27,134581276,0.00018630,1.00002114,7194669,sell
28,13000.00000000,2.4219,2017-05-18 15:58:27,134581275,0.00018630,2.42190000,7194668,sell
29,495.81714985,0.0923756931886,2017-05-18 15:58:27,134581274,0.00018631,0.09237569,7194667,sell
30,42067.91178914,7.83809332455,2017-05-18 15:58:27,134581273,0.00018632,7.83809332,7194666,sell
31,10.58455400,0.0019729608656,2017-05-18 15:58:27,134581272,0.00018640,0.00197296,7194665,sell
32,60.22662200,0.0112262423408,2017-05-18 15:58:27,134581271,0.00018640,0.01122624,7194664,sell
33,45.14267526,0.00841640037547,2017-05-18 15:58:27,134581270,0.00018644,0.00841640,7194663,sell
34,8045.05229283,1.5,2017-05-18 15:58:27,134581269,0.00018645,1.49999999,7194662,sell
35,8.90405963,0.00166033999921,2017-05-18 15:58:27,134581268,0.00018647,0.00166033,7194661,sell
36,536.18497952,0.0999984986805,2017-05-18 15:58:27,134581267,0.00018650,0.09999849,7194660,sell
37,181.90493298,0.0339252700008,2017-05-18 15:58:26,134581266,0.00018650,0.03392527,7194659,sell
38,30.14428954,0.00562190999921,2017-05-18 15:58:26,134581265,0.00018650,0.00562190,7194658,sell
39,40.94847185,0.00763689000002,2017-05-18 15:58:26,134581264,0.00018650,0.00763689,7194657,sell
40,500.00000000,0.093255,2017-05-18 15:58:26,134581263,0.00018651,0.09325500,7194656,sell
41,0.54004919,0.000100729974919,2017-05-18 15:58:26,134581262,0.00018652,0.00010072,7194655,sell
42,5352.16557676,0.99850001,2017-05-18 15:58:26,134581261,0.00018656,0.99850001,7194654,sell
43,3937.54322300,0.734666814547,2017-05-18 15:58:26,134581260,0.00018658,0.73466681,7194653,sell
44,178.87431800,0.0334083563729,2017-05-18 15:58:26,134581259,0.00018677,0.03340835,7194652,sell
45,117.89388679,0.0220213991135,2017-05-18 15:58:26,134581258,0.00018679,0.02202139,7194651,sell
46,3.43072600,0.00064092823132,2017-05-18 15:58:26,134581257,0.00018682,0.00064092,7194650,sell
47,6.01498608,0.00112383999919,2017-05-18 15:58:25,134581256,0.00018684,0.00112383,7194649,sell
48,1.11483305,0.000208340000384,2017-05-18 15:58:25,134581255,0.00018688,0.00020834,7194648,sell
49,35.00000000,0.0065415,2017-05-18 15:58:25,134581254,0.00018690,0.00654150,7194647,sell
50,1126.14013436,0.210565682323,2017-05-18 15:58:25,134581253,0.00018698,0.21056568,7194646,sell
51,1500.00000000,0.280485,2017-05-18 15:58:25,134581252,0.00018699,0.28048500,7194645,sell
52,8.12545455,0.00151946000085,2017-05-18 15:58:25,134581251,0.00018700,0.00151946,7194644,sell
53,21.75122995,0.00406748000065,2017-05-18 15:58:25,134581250,0.00018700,0.00406748,7194643,sell
54,52257.06186834,9.77207056938,2017-05-18 15:58:25,134581249,0.00018700,9.77207056,7194642,sell
55,8.02139037,0.00149999999919,2017-05-18 15:58:25,134581248,0.00018700,0.00149999,7194641,sell
56,48064.14036682,8.98847489,2017-05-18 15:58:24,134581247,0.00018701,8.98847488,7194640,sell
57,1069.46152612,0.2,2017-05-18 15:58:24,134581246,0.00018701,0.19999999,7194639,sell
58,2054.13036736,0.38414292,2017-05-18 15:58:24,134581245,0.00018701,0.38414291,7194638,sell
59,508.73446927,0.0951435204429,2017-05-18 15:58:24,134581244,0.00018702,0.09514352,7194637,sell
60,22.10928407,0.00413532049245,2017-05-18 15:58:24,134581243,0.00018704,0.00413532,7194636,sell
61,399.98000855,0.0748282599995,2017-05-18 15:58:24,134581242,0.00018708,0.07482825,7194635,sell
62,7.42207376,0.0013886700005,2017-05-18 15:58:24,134581241,0.00018710,0.00138867,7194634,sell
63,119.12523437,0.0223085826405,2017-05-18 15:58:24,134581240,0.00018727,0.02230858,7194633,sell
64,68.67262922,0.0128610100003,2017-05-18 15:58:24,134581239,0.00018728,0.01286101,7194632,sell
65,4565.29135077,0.855079069999,2017-05-18 15:58:23,134581238,0.00018730,0.85507906,7194631,sell
66,5182.07783490,0.970603178477,2017-05-18 15:58:23,134581237,0.00018730,0.97060317,7194630,sell
67,45.14267526,0.00845793163671,2017-05-18 15:58:23,134581236,0.00018736,0.00845793,7194629,sell
68,45.14267526,0.00846154305073,2017-05-18 15:58:23,134581235,0.00018744,0.00846154,7194628,sell
69,3598.53547589,0.674509489601,2017-05-18 15:58:23,134581234,0.00018744,0.67450948,7194627,sell
0,81.84255279,0.0153618471587,2017-05-18 15:58:39,134581360,0.00018770,0.01536184,7194706,buy
1,12.56483118,0.00235766492262,2017-05-18 15:58:39,134581359,0.00018764,0.00235766,7194705,buy
2,438.39252847,0.082242438341,2017-05-18 15:58:39,134581358,0.00018760,0.08224243,7194704,buy
3,4.19486475,0.000786872729805,2017-05-18 15:58:39,134581357,0.00018758,0.00078687,7194703,buy
4,2658.22435234,0.498523395038,2017-05-18 15:58:39,134581356,0.00018754,0.49852339,7194702,buy
5,3810.38535406,0.7145996693,2017-05-18 15:58:39,134581355,0.00018754,0.71459966,7194701,buy
6,4008.68924005,0.751428798047,2017-05-18 15:58:38,134581352,0.00018745,0.75142879,7194700,buy
7,3552.30765275,0.665844546431,2017-05-18 15:58:38,134581351,0.00018744,0.66584454,7194699,buy
8,18.84203748,0.00353175150525,2017-05-18 15:58:37,134581341,0.00018744,0.00353175,7194698,buy
9,72.52846092,0.0135947347148,2017-05-18 15:58:36,134581333,0.00018744,0.01359473,7194697,buy
0,9.93262163,0.00184796425426,2017-05-18 15:58:43,134581406,0.00018605,0.00184796,7194718,buy
1,12.04075651,0.0022335603326,2017-05-18 15:58:43,134581405,0.00018550,0.00223356,7194717,buy
2,53.90835580,0.0100000000009,2017-05-18 15:58:42,134581394,0.00018550,0.01000000,7194716,sell
3,22.56900880,0.00418677682249,2017-05-18 15:58:42,134581393,0.00018551,0.00418677,7194715,sell
4,45.14267526,0.00837486911424,2017-05-18 15:58:42,134581392,0.00018552,0.00837486,7194714,sell
5,4.50322500,0.00083579856,2017-05-18 15:58:42,134581391,0.00018560,0.00083579,7194713,sell
6,20.79053108,0.00385997000031,2017-05-18 15:58:42,134581390,0.00018566,0.00385997,7194712,sell
7,47.12404451,0.00874952134417,2017-05-18 15:58:42,134581389,0.00018567,0.00874952,7194711,sell
8,574.33690432,0.106637133025,2017-05-18 15:58:40,134581379,0.00018567,0.10663713,7194710,sell
9,14.57006355,0.00271513134254,2017-05-18 15:58:40,134581378,0.00018635,0.00271513,7194709,sell
10,336.19983962,0.0628861800009,2017-05-18 15:58:40,134581377,0.00018705,0.06288618,7194708,sell
11,4415.00309417,0.827592330002,2017-05-18 15:58:39,134581376,0.00018745,0.82759233,7194707,sell
0,12.87658009,0.00239993699717,2017-05-18 15:58:49,134581449,0.00018638,0.00239993,7194724,buy
1,5324.25940753,0.993773018415,2017-05-18 15:58:47,134581437,0.00018665,0.99377301,7194723,buy
2,1305.46872700,0.243665737895,2017-05-18 15:58:47,134581431,0.00018665,0.24366573,7194722,buy
3,47.55760393,0.00887662677353,2017-05-18 15:58:45,134581419,0.00018665,0.00887662,7194721,buy
4,215.72198144,0.0401437035262,2017-05-18 15:58:45,134581418,0.00018609,0.04014370,7194720,buy
5,15.90859682,0.00295979443836,2017-05-18 15:58:45,134581417,0.00018605,0.00295979,7194719,buy
0,102.40148838,0.0191132378061,2017-05-18 15:58:56,134581506,0.00018665,0.01911323,7194736,buy
1,9.15487342,0.00170628530802,2017-05-18 15:58:56,134581505,0.00018638,0.00170628,7194735,buy
2,17.94393891,0.00332878010719,2017-05-18 15:58:56,134581504,0.00018551,0.00332878,7194734,buy
3,1.96461464,0.000364632477184,2017-05-18 15:58:55,134581501,0.00018560,0.00036463,7194733,sell
4,5.20603745,0.000967489999708,2017-05-18 15:58:55,134581500,0.00018584,0.00096748,7194732,sell
5,12.06483802,0.00224261209116,2017-05-18 15:58:55,134581499,0.00018588,0.00224261,7194731,sell
6,2.68976276,0.000499999999456,2017-05-18 15:58:55,134581498,0.00018589,0.00049999,7194730,sell
7,0.54397587,0.000101130553992,2017-05-18 15:58:55,134581497,0.00018591,0.00010113,7194729,sell
8,1215.23410165,0.226495331866,2017-05-18 15:58:54,134581488,0.00018638,0.22649533,7194728,buy
9,279.44991884,0.0520838758734,2017-05-18 15:58:54,134581483,0.00018638,0.05208387,7194727,buy
10,2000.00000000,0.37276,2017-05-18 15:58:53,134581480,0.00018638,0.37276000,7194726,buy
11,34.00000000,0.00633692,2017-05-18 15:58:51,134581459,0.00018638,0.00633692,7194725,buy
0,595.09860833,0.111533381173,2017-05-18 15:58:57,134581537,0.00018742,0.11153338,7194744,buy
1,1421.18645425,0.266330341526,2017-05-18 15:58:57,134581536,0.00018740,0.26633034,7194743,buy
2,0.54397587,0.000101837722623,2017-05-18 15:58:57,134581535,0.00018721,0.00010183,7194742,buy
3,86.25827547,0.0161225342681,2017-05-18 15:58:57,134581534,0.00018691,0.01612253,7194741,buy
