,amount,amountBTC,date,globalTradeID,rate,total,tradeID,type
0,39.62486105,0.0200002523664,2017-05-18 14:49:09,134528970,0.00050474,0.02000025,1287615,buy
1,8.73905965,0.00440134000213,2017-05-18 14:49:07,134528926,0.00050364,0.00440134,1287614,sell
2,11.0,0.005544,2017-05-18 14:49:07,134528925,0.000504,0.005544,1287613,sell
3,307.52417146,0.154961429999,2017-05-18 14:49:00,134528728,0.0005039,0.15496142,1287612,sell
4,1519.24951059,0.766825997975,2017-05-18 14:48:56,134528658,0.00050474,0.76682599,1287611,buy
5,11.0,0.00555214,2017-05-18 14:48:55,134528647,0.00050474,0.00555214,1287610,buy
6,50.23973655,0.0253318799632,2017-05-18 14:48:54,134528583,0.00050422,0.02533187,1287609,sell
7,155.81596199,0.0786465486548,2017-05-18 14:48:49,134528389,0.00050474,0.07864654,1287608,sell
8,2574.79421026,1.29960162969,2017-05-18 14:48:46,134528317,0.00050474,1.29960162,1287607,sell
9,299.63704465,0.151238801917,2017-05-18 14:48:44,134528257,0.00050474,0.1512388,1287606,sell
10,302.37578823,0.152621155351,2017-05-18 14:48:40,134528212,0.00050474,0.15262115,1287605,sell
11,19.83179654,0.0100291378282,2017-05-18 14:48:40,134528210,0.00050571,0.01002913,1287604,buy
12,839.820351,0.423890923964,2017-05-18 14:48:38,134528141,0.00050474,0.42389092,1287603,sell
13,49.0,0.02477979,2017-05-18 14:48:34,134528061,0.00050571,0.02477979,1287602,buy
14,582.47997073,0.294000940426,2017-05-18 14:48:33,134528035,0.00050474,0.29400094,1287601,sell
15,6152.93873267,3.10723406,2017-05-18 14:48:29,134527851,0.000505,3.10723405,1287600,sell
16,66.7089109,0.0336880000045,2017-05-18 14:48:29,134527850,0.000505,0.033688,1287599,sell
17,333.0,0.16817832,2017-05-18 14:48:29,134527849,0.00050504,0.16817832,1287598,sell
18,333.0,0.16817832,2017-05-18 14:48:29,134527848,0.00050504,0.16817832,1287597,sell
19,220.37015308,0.111295742112,2017-05-18 14:48:29,134527847,0.00050504,0.11129574,1287596,sell
20,112.62984692,0.0568825778885,2017-05-18 14:48:19,134527665,0.00050504,0.05688257,1287595,sell
21,64.86953509,0.0327617100019,2017-05-18 14:48:19,134527664,0.00050504,0.03276171,1287594,sell
22,22.000618,0.0111180123063,2017-05-18 14:48:19,134527663,0.00050535,0.01111801,1287593,sell
23,22.00061809,0.0111259325743,2017-05-18 14:48:19,134527655,0.00050571,0.01112593,1287592,buy
24,22.000618,0.0111259325288,2017-05-18 14:48:11,134527393,0.00050571,0.01112593,1287591,buy
25,1111.0,0.56111055,2017-05-18 14:48:10,134527350,0.00050505,0.56111055,1287590,sell
26,64.87690815,0.0327673799993,2017-05-18 14:48:10,134527349,0.00050507,0.03276737,1287589,sell
27,26.32323432,0.0133019199989,2017-05-18 14:48:10,134527348,0.00050533,0.01330191,1287588,sell
28,24.83055775,0.0125543299984,2017-05-18 14:48:10,134527347,0.0005056,0.01255432,1287587,sell
29,19.77467887,0.0100002528513,2017-05-18 14:48:07,134527321,0.00050571,0.01000025,1287586,buy
30,299.44943418,0.151434573359,2017-05-18 14:48:07,134527312,0.00050571,0.15143457,1287585,buy
31,36.71160673,0.0185654266394,2017-05-18 14:48:07,134527311,0.00050571,0.01856542,1287584,buy
32,11.86485091,0.0060001737537,2017-05-18 14:48:05,134527286,0.00050571,0.00600017,1287583,buy
33,26.23337372,0.0132664794239,2017-05-18 14:48:05,134527282,0.00050571,0.01326647,1287582,buy
34,72.63802066,0.036733773428,2017-05-18 14:48:05,134527281,0.00050571,0.03673377,1287581,buy
35,18.0357586,0.00912086348161,2017-05-18 14:48:04,134527276,0.00050571,0.00912086,1287580,buy
36,39.54885775,0.0200002528528,2017-05-18 14:48:02,134527226,0.00050571,0.02000025,1287579,buy
37,13.84242521,0.00700025285295,2017-05-18 14:47:51,134527106,0.00050571,0.00700025,1287578,buy
38,19.79806366,0.0100120787735,2017-05-18 14:47:44,134527003,0.00050571,0.01001207,1287577,buy
39,11.86453812,0.00600001557267,2017-05-18 14:47:40,134526914,0.00050571,0.00600001,1287576,buy
40,15.8198431,0.0080002528541,2017-05-18 14:47:39,134526870,0.00050571,0.00800025,1287575,sell
41,110.33670475,0.0557983749591,2017-05-18 14:47:39,134526869,0.00050571,0.05579837,1287574,sell
42,20.0,0.010127,2017-05-18 14:47:38,134526863,0.00050635,0.010127,1287573,buy
43,159.22749734,0.0805229376798,2017-05-18 14:47:34,134526804,0.00050571,0.08052293,1287572,sell
44,16.50016666,0.00834462928496,2017-05-18 14:47:34,134526803,0.00050573,0.00834462,1287571,sell
45,5.50045134,0.00278174325618,2017-05-18 14:47:30,134526630,0.00050573,0.00278174,1287570,buy
46,16.50016666,0.00834462928496,2017-05-18 14:47:29,134526600,0.00050573,0.00834462,1287569,buy
47,703.98314272,0.356011315105,2017-05-18 14:47:24,134526546,0.00050571,0.35601131,1287568,sell
48,7232.73688924,3.65766737226,2017-05-18 14:47:18,134526461,0.00050571,3.65766737,1287567,sell
49,5457.45753663,2.76,2017-05-18 14:47:18,134526460,0.00050573,2.75999999,1287566,sell
50,17.18997628,0.00869469000242,2017-05-18 14:47:18,134526459,0.0005058,0.00869469,1287565,sell
51,31.2189038,0.0157945799995,2017-05-18 14:47:18,134526458,0.00050593,0.01579457,1287564,sell
52,13.86114622,0.00701872999996,2017-05-18 14:47:18,134526457,0.00050636,0.00701872,1287563,sell
53,24.12095078,0.0122235330173,2017-05-18 14:47:18,134526456,0.00050676,0.01222353,1287562,sell
54,24.12095077,0.0122259451073,2017-05-18 14:47:18,134526455,0.00050686,0.01222594,1287561,sell
55,9.86243293,0.00500025349551,2017-05-18 14:47:18,134526454,0.000507,0.00500025,1287560,sell
56,39.44823175,0.0200002534972,2017-05-18 14:47:18,134526453,0.000507,0.02000025,1287559,sell
57,11.0,0.005577,2017-05-18 14:47:18,134526452,0.000507,0.005577,1287558,sell
58,225.86335522,0.114618876873,2017-05-18 14:47:18,134526451,0.00050747,0.11461887,1287557,sell
59,778.09743777,0.394861106745,2017-05-18 14:47:16,134526096,0.00050747,0.3948611,1287556,sell
60,88.25076479,0.044784615608,2017-05-18 14:47:16,134526080,0.00050747,0.04478461,1287555,sell
61,49.02106903,0.0250002549946,2017-05-18 14:47:10,134525996,0.00050999,0.02500025,1287554,buy
62,5.48868938,0.00279917669691,2017-05-18 14:47:06,134525893,0.00050999,0.00279917,1287553,buy
63,19.72510885,0.0100596082624,2017-05-18 14:47:04,134525846,0.00050999,0.0100596,1287552,buy
64,399.19448746,0.202391605142,2017-05-18 14:47:00,134525718,0.000507,0.2023916,1287551,buy
65,176.47058823,0.0894705882326,2017-05-18 14:46:57,134525680,0.000507,0.08947058,1287550,buy
66,938.57438719,0.475857214305,2017-05-18 14:46:55,134525641,0.000507,0.47585721,1287549,sell
67,196.00156801,0.0999607996851,2017-05-18 14:46:52,134525590,0.00051,0.09996079,1287548,buy
68,103.50156942,0.0524752956959,2017-05-18 14:46:50,134525488,0.000507,0.05247529,1287547,sell
69,20.0,0.0101404,2017-05-18 14:46:50,134525487,0.00050702,0.0101404,1287546,sell
70,4.73349243,0.00240007000171,2017-05-18 14:46:50,134525486,0.00050704,0.00240007,1287545,sell
71,0.42042273,0.000213230000201,2017-05-18 14:46:50,134525485,0.00050718,0.00021323,1287544,sell
72,11.73513407,0.0059520600003,2017-05-18 14:46:50,134525484,0.0005072,0.00595206,1287543,sell
73,24.84902908,0.0126046700008,2017-05-18 14:46:50,134525483,0.00050725,0.01260467,1287542,sell
74,9.85310502,0.00500025373555,2017-05-18 14:46:50,134525482,0.00050748,0.00500025,1287541,sell
75,197.02492365,0.0999999999986,2017-05-18 14:46:50,134525481,0.00050755,0.09999999,1287540,sell
76,1.52237983,0.000772760001708,2017-05-18 14:46:50,134525480,0.0005076,0.00077276,1287539,sell
77,295.49081023,0.149999999997,2017-05-18 14:46:50,134525479,0.00050763,0.14999999,1287538,sell
78,1.81645921,0.000922288999285,2017-05-18 14:46:50,134525478,0.00050774,0.00092228,1287537,sell
79,5.96634074,0.00303090109592,2017-05-18 14:46:50,134525477,0.000508,0.0030309,1287536,sell
80,5.12706693,0.00260455000044,2017-05-18 14:46:50,134525476,0.000508,0.00260455,1287535,sell
81,2.22461934,0.00113044031762,2017-05-18 14:46:50,134525475,0.00050815,0.00113044,1287534,sell
82,9.00545061,0.00457657,2017-05-18 14:46:50,134525474,0.0005082,0.00457657,1287533,sell
83,9.00544906,0.00457656921229,2017-05-18 14:46:50,134525473,0.0005082,0.00457656,1287532,sell
84,13.53586606,0.00688001000098,2017-05-18 14:46:50,134525472,0.00050828,0.00688001,1287531,sell
85,1.50863493,0.000766989998412,2017-05-18 14:46:50,134525471,0.0005084,0.00076698,1287530,sell
86,1.16799056,0.000594039998816,2017-05-18 14:46:50,134525470,0.0005086,0.00059403,1287529,sell
87,83.73912787,0.0425930699998,2017-05-18 14:46:50,134525469,0.00050864,0.04259306,1287528,sell
88,43.12218822,0.0219388444788,2017-05-18 14:46:50,134525468,0.00050876,0.02193884,1287527,sell
89,25.74990184,0.0131159700012,2017-05-18 14:46:50,134525467,0.00050936,0.01311597,1287526,sell
90,52.09317152,0.0265435546163,2017-05-18 14:46:50,134525466,0.00050954,0.02654355,1287525,sell
91,48.38610811,0.0246599799983,2017-05-18 14:46:50,134525465,0.00050965,0.02465997,1287524,sell
92,2.1577089,0.00109999999722,2017-05-18 14:46:50,134525464,0.0005098,0.00109999,1287523,sell
93,15.1216997,0.00771070589403,2017-05-18 14:46:50,134525463,0.00050991,0.0077107,1287522,sell
94,99.98456488,0.0509861290149,2017-05-18 14:46:50,134525462,0.00050994,0.05098612,1287521,sell
95,11.0,0.0056122,2017-05-18 14:46:50,134525457,0.0005102,0.0056122,1287520,sell
96,196.07843137,0.0999999999987,2017-05-18 14:46:49,134525432,0.00051,0.09999999,1287519,sell
97,243.17780392,0.124020679999,2017-05-18 14:46:49,134525431,0.00051,0.12402067,1287518,sell
98,812.09619608,0.414169060001,2017-05-18 14:46:49,134525430,0.00051,0.41416906,1287517,sell
99,16.18778431,0.0082557699981,2017-05-18 14:46:49,134525429,0.00051,0.00825576,1287516,sell
100,5.0,0.00255,2017-05-18 14:46:49,134525428,0.00051,0.00255,1287515,sell
101,196.03280612,0.100000255058,2017-05-18 14:46:49,134525427,0.00051012,0.10000025,1287514,sell
102,65.39287842,0.0333582151396,2017-05-18 14:46:49,134525426,0.00051012,0.03335821,1287513,sell
103,94.65036156,0.0487439896998,2017-05-18 14:46:38,134525169,0.00051499,0.04874398,1287512,buy
104,8.64746228,0.00441124345827,2017-05-18 14:46:34,134525137,0.00051012,0.00441124,1287511,sell
105,19.95,0.010176894,2017-05-18 14:46:32,134525083,0.00051012,0.01017689,1287510,sell
106,11.0,0.0056386,2017-05-18 14:46:31,134525057,0.0005126,0.0056386,1287509,buy
107,154.226507,0.0786740257508,2017-05-18 14:46:30,134525056,0.00051012,0.07867402,1287508,sell
108,247.6854302,0.126349291654,2017-05-18 14:46:27,134524934,0.00051012,0.12634929,1287507,sell
109,0.43081625,0.000219879997675,2017-05-18 14:46:27,134524933,0.00051038,0.00021987,1287506,sell
110,3.53050871,0.00180236000154,2017-05-18 14:46:27,134524932,0.00051051,0.00180236,1287505,sell
111,0.84139701,0.000429550001545,2017-05-18 14:46:27,134524931,0.00051052,0.00042955,1287504,sell
112,0.55295316,0.000282360001622,2017-05-18 14:46:27,134524930,0.00051064,0.00028236,1287503,sell
113,77.09943832,0.0393954999984,2017-05-18 14:46:27,134524929,0.00051097,0.03939549,1287502,sell
114,1229.50636974,0.628290050001,2017-05-18 14:46:27,134524928,0.00051101,0.62829005,1287501,sell
115,19.40423576,0.00992254999823,2017-05-18 14:46:27,134524927,0.00051136,0.00992254,1287500,sell
116,2.45911339,0.00125791027239,2017-05-18 14:46:27,134524926,0.00051153,0.00125791,1287499,sell
117,0.72798702,0.000372459999043,2017-05-18 14:46:27,134524925,0.00051163,0.00037245,1287498,sell
118,25.24499922,0.0129234200007,2017-05-18 14:46:27,134524924,0.00051192,0.01292342,1287497,sell
119,8.66682291,0.00443749999815,2017-05-18 14:46:27,134524923,0.00051201,0.00443749,1287496,sell
120,22.23711819,0.0113902966793,2017-05-18 14:46:27,134524922,0.00051222,0.01139029,1287495,sell
121,22.23691819,0.0113901942353,2017-05-18 14:46:27,134524921,0.00051222,0.01139019,1287494,sell
122,22.23781819,0.0113906552333,2017-05-18 14:46:27,134524920,0.00051222,0.01139065,1287493,sell
123,23.5033088,0.012040039999,2017-05-18 14:46:27,134524919,0.00051227,0.01204003,1287492,sell
124,3.08798874,0.00158203839128,2017-05-18 14:46:27,134524918,0.00051232,0.00158203,1287491,sell
125,11.17632174,0.00572585315384,2017-05-18 14:46:27,134524917,0.00051232,0.00572585,1287490,sell
126,0.47065483,0.000241140002151,2017-05-18 14:46:27,134524916,0.00051235,0.00024114,1287489,sell
127,95.22339512,0.048801989999,2017-05-18 14:46:27,134524915,0.0005125,0.04880198,1287488,sell
128,1476.48034682,0.75684382578,2017-05-18 14:46:27,134524914,0.0005126,0.75684382,1287487,sell
129,400.78541911,0.205602920003,2017-05-18 14:46:27,134524913,0.000513,0.20560292,1287486,sell
130,855.53313158,0.438914162494,2017-05-18 14:46:27,134524912,0.00051303,0.43891416,1287485,sell
131,89.560476,0.0459472110023,2017-05-18 14:46:17,134524706,0.00051303,0.04594721,1287484,sell
132,224.42864258,0.115138626503,2017-05-18 14:46:13,134524618,0.00051303,0.11513862,1287483,sell
133,24.76409267,0.0127091799992,2017-05-18 14:46:13,134524617,0.00051321,0.01270917,1287482,sell
134,2.21056478,0.00113452816204,2017-05-18 14:46:13,134524616,0.00051323,0.00113452,1287481,sell
135,0.97422208,0.000499999998118,2017-05-18 14:46:13,134524615,0.00051323,0.00049999,1287480,sell
136,10.68526202,0.00548453128963,2017-05-18 14:46:13,134524614,0.00051328,0.00548453,1287479,sell
137,18.29647018,0.0093923100022,2017-05-18 14:46:13,134524613,0.00051334,0.00939231,1287478,sell
138,19.44460673,0.00998500000192,2017-05-18 14:46:13,134524612,0.00051351,0.009985,1287477,sell
139,9.00544906,0.00462744999948,2017-05-18 14:46:13,134524611,0.00051385,0.00462744,1287476,sell
140,9.00544681,0.00462744884332,2017-05-18 14:46:13,134524610,0.00051385,0.00462744,1287475,sell
141,488.32684824,0.250999999995,2017-05-18 14:46:13,134524609,0.000514,0.25099999,1287474,sell
142,29.89938734,0.0153727700009,2017-05-18 14:46:13,134524608,0.00051415,0.01537277,1287473,sell
143,2.7938286,0.00143655872783,2017-05-18 14:46:13,134524607,0.00051419,0.00143655,1287472,sell
144,24.75000049,0.0127336277521,2017-05-18 14:46:13,134524606,0.00051449,0.01273362,1287471,sell
145,2.03970242,0.00105009999689,2017-05-18 14:46:13,134524605,0.00051483,0.00105009,1287470,sell
146,11.35567152,0.0058481708328,2017-05-18 14:46:12,134524590,0.000515,0.00584817,1287469,buy
147,388.34901456,0.199999742498,2017-05-18 14:46:11,134524497,0.000515,0.19999974,1287468,sell
148,0.48543689,0.00024999999835,2017-05-18 14:46:11,134524496,0.000515,0.00024999,1287467,sell
149,1049.59910287,0.540543537978,2017-05-18 14:46:11,134524495,0.000515,0.54054353,1287466,sell
150,415.68777343,0.214079203316,2017-05-18 14:46:03,134524432,0.000515,0.2140792,1287465,sell
151,476.46069651,0.245377258703,2017-05-18 14:45:54,134524241,0.000515,0.24537725,1287464,sell
152,1.0,0.000515,2017-05-18 14:45:54,134524240,0.000515,0.000515,1287463,sell
153,37.83545145,0.0194852574968,2017-05-18 14:45:52,134524207,0.000515,0.01948525,1287462,sell
154,2088.03552055,1.07533829308,2017-05-18 14:45:52,134524206,0.000515,1.07533829,1287461,sell
155,1.0,0.0005164,2017-05-18 14:45:52,134524205,0.0005164,0.0005164,1287460,sell
156,161.22358656,0.0832574723354,2017-05-18 14:45:43,134523864,0.00051641,0.08325747,1287459,buy
157,10.28216583,0.00530971043461,2017-05-18 14:45:43,134523863,0.0005164,0.00530971,1287458,buy
158,211.87475761,0.10941212483,2017-05-18 14:45:43,134523862,0.0005164,0.10941212,1287457,buy
159,1223.36889724,0.630034982079,2017-05-18 14:45:41,134523833,0.000515,0.63003498,1287456,sell
160,22.0,0.01133022,2017-05-18 14:45:41,134523832,0.00051501,0.01133022,1287455,sell
161,1750.00000001,0.901250000005,2017-05-18 14:45:17,134523317,0.000515,0.90125,1287454,sell
162,38.72966692,0.0199999999975,2017-05-18 14:45:16,134523287,0.0005164,0.01999999,1287453,buy
163,100.6247978,0.051821770867,2017-05-18 14:45:14,134523240,0.000515,0.05182177,1287452,sell
164,663.21350285,0.341554953968,2017-05-18 14:45:14,134523239,0.000515,0.34155495,1287451,sell
165,333.0,0.17152164,2017-05-18 14:45:14,134523238,0.00051508,0.17152164,1287450,sell
166,2.28649716,0.00117772895717,2017-05-18 14:45:14,134523237,0.00051508,0.00117772,1287449,sell
167,653.177589,0.337307438735,2017-05-18 14:45:13,134523160,0.00051641,0.33730743,1287448,buy
168,407.051902,0.210205672712,2017-05-18 14:45:11,134523135,0.00051641,0.21020567,1287447,buy
169,1.93840065,0.00100100947967,2017-05-18 14:45:11,134523132,0.00051641,0.001001,1287446,buy
170,88.40246211,0.0455343401836,2017-05-18 14:45:10,134523131,0.00051508,0.04553434,1287445,sell
171,2.00778339,0.00103441000253,2017-05-18 14:45:10,134523130,0.0005152,0.00103441,1287444,sell
172,1.82513778,0.00094053000079,2017-05-18 14:45:10,134523129,0.00051532,0.00094053,1287443,sell
173,9.71387457,0.0050061423984,2017-05-18 14:45:10,134523128,0.00051536,0.00500614,1287442,sell
174,74.02301125,0.0381514599982,2017-05-18 14:45:10,134523127,0.0005154,0.03815145,1287441,sell
175,22.23781819,0.0114629281424,2017-05-18 14:45:10,134523126,0.00051547,0.01146292,1287440,sell
176,70.81790495,0.0365066300017,2017-05-18 14:45:10,134523125,0.0005155,0.03650663,1287439,sell
177,12.81197142,0.00660572434444,2017-05-18 14:45:10,134523124,0.00051559,0.00660572,1287438,sell
178,22.23711801,0.011466792273,2017-05-18 14:45:10,134523123,0.00051566,0.01146679,1287437,sell
179,144.0,0.0742896,2017-05-18 14:45:10,134523122,0.0005159,0.0742896,1287436,sell
180,863.794462,0.445717942392,2017-05-18 14:45:10,134523121,0.000516,0.44571794,1287435,sell
181,54.023887,0.027876325692,2017-05-18 14:45:10,134523120,0.000516,0.02787632,1287434,sell
182,74.89403306,0.0386460699993,2017-05-18 14:45:10,134523119,0.00051601,0.03864606,1287433,sell
183,42.40868925,0.0218845800006,2017-05-18 14:45:10,134523118,0.00051604,0.02188458,1287432,sell
184,61.42065691,0.0316961299984,2017-05-18 14:45:10,134523117,0.00051605,0.03169612,1287431,sell
185,0.66945793,0.00034563443468,2017-05-18 14:45:10,134523116,0.00051629,0.00034563,1287430,sell
186,333.0,0.1719612,2017-05-18 14:45:10,134523115,0.0005164,0.1719612,1287429,sell
187,733.12435998,0.378585419494,2017-05-18 14:45:10,134523114,0.0005164,0.37858541,1287428,sell
188,406.78374253,0.210063124642,2017-05-18 14:44:58,134522939,0.0005164,0.21006312,1287427,sell
189,8.23727849,0.00425949670718,2017-05-18 14:44:58,134522938,0.0005171,0.00425949,1287426,sell
190,2.76272151,0.00142857566561,2017-05-18 14:44:54,134522896,0.00051709,0.00142857,1287425,buy
191,0.96694966,0.000499999999689,2017-05-18 14:44:54,134522892,0.00051709,0.00049999,1287424,buy
192,3507.65192847,1.81135145586,2017-05-18 14:44:54,134522886,0.0005164,1.81135145,1287423,sell
193,144.0,0.07436736,2017-05-18 14:44:54,134522885,0.00051644,0.07436736,1287422,sell
194,812.79433549,0.419954577261,2017-05-18 14:44:54,134522884,0.00051668,0.41995457,1287421,sell
195,144.0,0.07444368,2017-05-18 14:44:54,134522883,0.00051697,0.07444368,1287420,sell
196,338.56491899,0.175038063118,2017-05-18 14:44:54,134522882,0.000517,0.17503806,1287419,sell
197,333.0,0.17218431,2017-05-18 14:44:54,134522881,0.00051707,0.17218431,1287418,sell
198,41.98880229,0.0217111500001,2017-05-18 14:44:54,134522880,0.00051707,0.02171115,1287417,sell
199,24.26470636,0.0125467943646,2017-05-18 14:44:54,134522879,0.00051708,0.01254679,1287416,sell
0,1.31574250,0.00066313422,2017-05-18 19:27:35,134697181,0.00050400,0.00066313,1287617,sell
1,396.24361057,0.199999999999,2017-05-18 19:27:33,134697165,0.00050474,0.19999999,1287616,buy
0,179.49673886,0.0907732958089,2017-05-18 19:27:44,134697237,0.00050571,0.09077329,1287622,buy
1,18.90000000,0.009545256,2017-05-18 19:27:44,134697236,0.00050504,0.00954525,1287621,buy
2,55.58844324,0.028057710841,2017-05-18 19:27:44,134697235,0.00050474,0.02805771,1287620,buy
3,608.67622805,0.307223239346,2017-05-18 19:27:44,134697234,0.00050474,0.30722323,1287619,buy
4,9.52325023,0.00480638439108,2017-05-18 19:27:44,134697233,0.00050470,0.00480638,1287618,buy
0,758.68670999,0.38293953,2017-05-18 19:28:02,134697361,0.00050474,0.38293953,1287624,sell
1,984.31329001,0.49682229,2017-05-18 19:28:02,134697360,0.00050474,0.49682228,1287623,sell
0,18.70391581,0.0094408015051,2017-05-18 19:28:12,134697432,0.00050475,0.00944080,1287628,sell
1,122.11083043,0.0615438585367,2017-05-18 19:28:10,134697417,0.00050400,0.06154385,1287627,sell
2,98.68425750,0.04973686578,2017-05-18 19:28:10,134697416,0.00050400,0.04973686,1287626,sell
3,301.82157187,0.152341420186,2017-05-18 19:28:10,134697415,0.00050474,0.15234142,1287625,sell
0,5.40800000,0.002729688,2017-05-18 19:28:20,134697460,0.00050475,0.00272968,1287629,sell
0,987.14505657,0.497521108511,2017-05-18 19:28:33,134697568,0.00050400,0.49752110,1287634,sell
1,72.88916957,0.0367361414633,2017-05-18 19:28:33,134697567,0.00050400,0.03673614,1287633,sell
2,107.34224822,0.0541434300022,2017-05-18 19:28:33,134697566,0.00050440,0.05414343,1287632,sell
3,163.77202674,0.082663930497,2017-05-18 19:28:33,134697565,0.00050475,0.08266393,1287631,sell
4,1746.13899890,0.881870040004,2017-05-18 19:28:33,134697564,0.00050504,0.88187004,1287630,sell
0,406.14970084,0.204699449223,2017-05-18 19:28:50,134697725,0.00050400,0.20469944,1287636,buy
1,4.91843549,0.00247889148696,2017-05-18 19:28:45,134697707,0.00050400,0.00247889,1287635,sell
0,45.55886367,0.0229616672897,2017-05-18 19:28:53,134697740,0.00050400,0.02296166,1287637,buy
0,55.78860254,0.0281124347059,2017-05-18 19:29:05,134697847,0.00050391,0.02811243,1287642,sell
1,2000.00000000,1.00782,2017-05-18 19:29:05,134697846,0.00050391,1.00782000,1287641,sell
2,198.44813558,0.1,2017-05-18 19:29:05,134697845,0.00050391,0.10000000,1287640,sell
3,129.39998643,0.0653133491507,2017-05-18 19:29:05,134697844,0.00050474,0.06531334,1287639,sell
4,1.98004118,0.000999999997547,2017-05-18 19:29:05,134697843,0.00050504,0.00099999,1287638,sell
0,339.82911071,0.171239888887,2017-05-18 19:29:14,134697924,0.00050390,0.17123988,1287644,sell
1,354.13320728,0.179088704254,2017-05-18 19:29:13,134697906,0.00050571,0.17908870,1287643,buy
0,0.49603174,0.00024999999696,2017-05-18 19:29:23,134698026,0.00050400,0.00024999,1287645,buy
0,0.53375610,0.0002690130744,2017-05-18 19:29:23,134698034,0.00050400,0.00026901,1287646,buy
0,1.00000000,0.00050474,2017-05-18 19:29:34,134698164,0.00050474,0.00050474,1287655,buy
1,259.48826366,0.130756136058,2017-05-18 19:29:32,134698148,0.00050390,0.13075613,1287654,sell
2,1.42814327,0.000719655675186,2017-05-18 19:29:32,134698147,0.00050391,0.00071965,1287653,sell
3,0.49603174,0.00024999999696,2017-05-18 19:29:32,134698146,0.00050400,0.00024999,1287652,sell
4,0.49603174,0.00024999999696,2017-05-18 19:29:32,134698145,0.00050400,0.00024999,1287651,sell
5,8.00000000,0.004032,2017-05-18 19:29:32,134698144,0.00050400,0.00403200,1287650,sell
6,1.48809523,0.00074999999592,2017-05-18 19:29:32,134698143,0.00050400,0.00074999,1287649,sell
7,1.48809523,0.00074999999592,2017-05-18 19:29:32,134698142,0.00050400,0.00074999,1287648,sell
8,0.95433913,0.00048098692152,2017-05-18 19:29:32,134698141,0.00050400,0.00048098,1287647,sell
0,26.80200000,0.01352804148,2017-05-18 19:29:38,134698299,0.00050474,0.01352804,1287662,sell
1,75.12676848,0.0378563786371,2017-05-18 19:29:36,134698223,0.00050390,0.03785637,1287661,sell
2,174.64621354,0.0880042270028,2017-05-18 19:29:36,134698222,0.00050390,0.08800422,1287660,sell
3,1.48836101,0.000749999996549,2017-05-18 19:29:36,134698221,0.00050391,0.00074999,1287659,sell
4,1.48809523,0.00074999999592,2017-05-18 19:29:36,134698220,0.00050400,0.00074999,1287658,sell
5,0.49603174,0.00024999999696,2017-05-18 19:29:36,134698219,0.00050400,0.00024999,1287657,sell
6,29.00000000,0.01463746,2017-05-18 19:29:36,134698218,0.00050474,0.01463746,1287656,sell
0,1786.09232634,0.906370411924,2017-05-18 19:29:41,134698383,0.00050746,0.90637041,1287665,buy
1,182.50572344,0.0925048509828,2017-05-18 19:29:41,134698382,0.00050686,0.09250485,1287664,buy
2,2.00061809,0.00101301296987,2017-05-18 19:29:41,134698381,0.00050635,0.00101301,1287663,buy
0,650.00000000,0.329849,2017-05-18 19:29:59,134698828,0.00050746,0.32984900,1287666,buy
0,212.23262620,0.107699568491,2017-05-18 19:30:07,134698997,0.00050746,0.10769956,1287667,buy
0,1170.97906782,0.591039974691,2017-05-18 19:30:11,134699071,0.00050474,0.59103997,1287674,sell
1,100.92804216,0.0509424199998,2017-05-18 19:30:11,134699070,0.00050474,0.05094241,1287673,sell
2,1199.41716234,0.605393818519,2017-05-18 19:30:11,134699069,0.00050474,0.60539381,1287672,sell
3,34.10000000,0.017244711,2017-05-18 19:30:11,134699068,0.00050571,0.01724471,1287671,sell
4,3.36245221,0.00170630999849,2017-05-18 19:30:11,134699067,0.00050746,0.00170630,1287670,sell
5,649.76230081,0.329728377169,2017-05-18 19:30:11,134699066,0.00050746,0.32972837,1287669,sell
6,0.23769919,0.000120622830957,2017-05-18 19:30:10,134699057,0.00050746,0.00012062,1287668,sell
0,177.99978200,0.0898436099667,2017-05-18 19:30:13,134699088,0.00050474,0.08984360,1287676,sell
1,22.00021800,0.0111442104279,2017-05-18 19:30:13,134699087,0.00050655,0.01114421,1287675,sell
0,396.91839421,0.202416473495,2017-05-18 19:30:21,134699169,0.00050997,0.20241647,1287683,buy
1,0.28142865,0.000143067068514,2017-05-18 19:30:21,134699168,0.00050836,0.00014306,1287682,buy
2,484.53496157,0.245886956948,2017-05-18 19:30:21,134699167,0.00050747,0.24588695,1287681,buy
3,211.26486261,0.107210579829,2017-05-18 19:30:21,134699166,0.00050747,0.10721057,1287680,buy
4,17.82460018,0.00899678869485,2017-05-18 19:30:18,134699136,0.00050474,0.00899678,1287679,sell
5,22.00021809,0.0111149501834,2017-05-18 19:30:18,134699135,0.00050522,0.01111495,1287678,sell
6,0.24717235,0.000125000000842,2017-05-18 19:30:18,134699134,0.00050572,0.00012500,1287677,sell
0,17.35092573,0.00878217105824,2017-05-18 19:30:26,134699331,0.00050615,0.00878217,1287684,buy
0,76.45569942,0.0387982092277,2017-05-18 19:30:31,134699398,0.00050746,0.03879820,1287685,sell
0,649.66763560,0.328543419999,2017-05-18 19:30:41,134699500,0.00050571,0.32854341,1287686,buy
0,19.70598668,0.00996551452394,2017-05-18 19:30:46,134699558,0.00050571,0.00996551,1287687,buy
0,647.67231795,0.32753436791,2017-05-18 19:30:56,134699706,0.00050571,0.32753436,1287689,buy
1,19.70598668,0.00996551452394,2017-05-18 19:30:55,134699674,0.00050571,0.00996551,1287688,buy
0,1428.99022935,0.715781205881,2017-05-18 19:31:26,134700258,0.00050090,0.71578120,1287715,sell
1,1.12799298,0.000565789998838,2017-05-18 19:31:26,134700257,0.00050159,0.00056578,1287714,sell
2,348.63443400,0.175010999524,2017-05-18 19:31:26,134700256,0.00050199,0.17501099,1287713,sell
3,4.97833100,0.00249907237869,2017-05-18 19:31:26,134700255,0.00050199,0.00249907,1287712,sell
4,12.32189077,0.00618719101234,2017-05-18 19:31:25,134700254,0.00050213,0.00618719,1287711,sell
5,18.01959652,0.00904818000059,2017-05-18 19:31:25,134700253,0.00050213,0.00904818,1287710,sell
6,15.87777247,0.00797477000078,2017-05-18 19:31:25,134700252,0.00050226,0.00797477,1287709,sell
7,1506.48664540,0.756843825783,2017-05-18 19:31:25,134700251,0.00050239,0.75684382,1287708,sell
8,0.82553327,0.000414880000171,2017-05-18 19:31:25,134700250,0.00050256,0.00041488,1287707,sell
9,9.00545061,0.00452622953109,2017-05-18 19:31:25,134700249,0.00050261,0.00452622,1287706,sell
10,9.00545154,0.00452622999852,2017-05-18 19:31:25,134700248,0.00050261,0.00452622,1287705,sell
11,121.56371769,0.0611465499981,2017-05-18 19:31:25,134700247,0.00050300,0.06114654,1287704,sell
12,333.00000000,0.167499,2017-05-18 19:31:25,134700246,0.00050300,0.16749900,1287703,sell
13,188.80715705,0.0949699999961,2017-05-18 19:31:25,134700245,0.00050300,0.09496999,1287702,sell
14,196.00000000,0.09861152,2017-05-18 19:31:25,134700244,0.00050312,0.09861152,1287701,sell
15,2.24289418,0.00112844491984,2017-05-18 19:31:25,134700243,0.00050312,0.00112844,1287700,sell
16,11.00000000,0.00554004,2017-05-18 19:31:25,134700242,0.00050364,0.00554004,1287699,sell
17,2451.47057226,1.23529602136,2017-05-18 19:31:25,134700241,0.00050390,1.23529602,1287698,sell
18,117.46668272,0.0591926360894,2017-05-18 19:31:25,134700240,0.00050391,0.05919263,1287697,sell
19,6.24479925,0.003147378822,2017-05-18 19:31:25,134700239,0.00050400,0.00314737,1287696,sell
20,42.00000000,0.021168,2017-05-18 19:31:25,134700238,0.00050400,0.02116800,1287695,sell
21,10.35418126,0.00521861089685,2017-05-18 19:31:25,134700237,0.00050401,0.00521861,1287694,sell
22,721.42296360,0.364131026647,2017-05-18 19:31:25,134700236,0.00050474,0.36413102,1287693,sell
23,943.15370408,0.47737724732,2017-05-18 19:31:25,134700235,0.00050615,0.47737724,1287692,sell
24,420.62801334,0.212900868952,2017-05-18 19:31:24,134700208,0.00050615,0.21290086,1287691,sell
25,19.70598668,0.0100000000006,2017-05-18 19:31:24,134700207,0.00050746,0.01000000,1287690,sell
0,116.03913455,0.0589478803514,2017-05-18 19:31:33,134700328,0.00050800,0.05894788,1287718,sell
1,142.19346546,0.0722342804537,2017-05-18 19:31:32,134700323,0.00050800,0.07223428,1287717,sell
2,0.42711931,0.000216839931301,2017-05-18 19:31:31,134700316,0.00050768,0.00021683,1287716,buy
0,20.96850000,0.010651998,2017-05-18 19:31:49,134700501,0.00050800,0.01065199,1287719,sell
0,4378.39152855,2.23350508654,2017-05-18 19:32:14,134701182,0.00051012,2.23350508,1287725,buy
1,2677.81510548,1.36568570379,2017-05-18 19:32:14,134701181,0.00051000,1.36568570,1287724,buy
2,6700.74078958,3.41731079528,2017-05-18 19:32:14,134701180,0.00050999,3.41731079,1287723,buy
3,579.14743584,0.295347817855,2017-05-18 19:32:14,134701179,0.00050997,0.29534781,1287722,buy
4,7.43297714,0.00378829112917,2017-05-18 19:32:14,134701178,0.00050966,0.00378829,1287721,buy
5,9.84900000,0.005003292,2017-05-18 19:32:10,134701127,0.00050800,0.00500329,1287720,sell
0,4812.73902322,2.45507443052,2017-05-18 19:32:17,134701202,0.00051012,2.45507443,1287726,buy
0,7.60445181,0.00388404980648,2017-05-18 19:32:26,134701329,0.00051076,0.00388404,1287728,buy
1,40.07199062,0.0204415238551,2017-05-18 19:32:24,134701317,0.00051012,0.02044152,1287727,sell
0,11.83518879,0.00605417247364,2017-05-18 19:32:30,134701407,0.00051154,0.00605417,1287729,buy
0,6.96830310,0.00356965262904,2017-05-18 19:32:34,134701472,0.00051227,0.00356965,1287732,buy
1,1497.48854648,0.76389885733,2017-05-18 19:32:33,134701443,0.00051012,0.76389885,1287731,sell
2,2.51145352,0.00128274999988,2017-05-18 19:32:33,134701442,0.00051076,0.00128274,1287730,sell
0,9.55958583,0.00490072167575,2017-05-18 19:32:37,134701517,0.00051265,0.00490072,1287733,buy
0,1942.08696665,0.999999999998,2017-05-18 19:32:45,134701696,0.00051491,0.99999999,1287735,buy
1,17.99066921,0.00924414556017,2017-05-18 19:32:43,134701551,0.00051383,0.00924414,1287734,buy
0,4000.00000000,2.04048,2017-05-18 19:32:56,134701818,0.00051012,2.04048000,1287736,sell
0,2200.65919784,1.12260027,2017-05-18 19:33:05,134701909,0.00051012,1.12260027,1287738,sell
1,5293.07848798,2.70010519829,2017-05-18 19:33:05,134701908,0.00051012,2.70010519,1287737,sell
0,107.18123485,0.0550911547129,2017-05-18 19:33:12,134701959,0.00051400,0.05509115,1287739,buy
0,40.07199062,0.020356571235,2017-05-18 19:33:17,134702013,0.00050800,0.02035657,1287740,sell
0,134.82012213,0.0692975427748,2017-05-18 19:33:25,134702106,0.00051400,0.06929754,1287741,buy
0,0.77482274,0.000395182842082,2017-05-18 19:33:38,134702337,0.00051003,0.00039518,1287744,sell
1,0.23413543,0.000119416093363,2017-05-18 19:33:38,134702336,0.00051003,0.00011941,1287743,sell
2,22.00021819,0.0112511315845,2017-05-18 19:33:37,134702330,0.00051141,0.01125113,1287742,buy
0,22.00021801,0.0112808317868,2017-05-18 19:33:42,134702369,0.00051276,0.01128083,1287746,buy
1,27.89939094,0.0142295263611,2017-05-18 19:33:40,134702350,0.00051003,0.01422952,1287745,sell
0,22.00011809,0.0112207202294,2017-05-18 19:33:49,134702472,0.00051003,0.01122072,1287747,sell
0,22.00011800,0.0112407402909,2017-05-18 19:33:52,134702503,0.00051094,0.01124074,1287748,buy
0,17.52706399,0.00902486051909,2017-05-18 19:34:02,134702604,0.00051491,0.00902486,1287750,buy
1,3.02250879,0.00155632000106,2017-05-18 19:34:00,134702591,0.00051491,0.00155632,1287749,buy
0,1269.78532170,0.653825159997,2017-05-18 19:34:15,134702690,0.00051491,0.65382515,1287751,buy
0,0.90750000,0.000462852225,2017-05-18 19:34:20,134702781,0.00051003,0.00046285,1287754,sell
1,0.01472856,7.5120074568e-06,2017-05-18 19:34:18,134702754,0.00051003,0.00000751,1287753,sell
2,10.00000000,0.00514,2017-05-18 19:34:18,134702753,0.00051400,0.00514000,1287752,sell
0,2497.28719333,1.28587814872,2017-05-18 19:34:25,134702827,0.00051491,1.28587814,1287757,buy
1,2.71280667,0.00139438262838,2017-05-18 19:34:25,134702826,0.00051400,0.00139438,1287756,buy
2,0.21592965,0.0001109878401,2017-05-18 19:34:23,134702806,0.00051400,0.00011098,1287755,buy
0,8.44109137,0.00434640235733,2017-05-18 19:34:28,134702872,0.00051491,0.00434640,1287758,buy
0,193.81544114,0.0988516894446,2017-05-18 19:34:36,134702972,0.00051003,0.09885168,1287759,sell
0,4.00000000,0.00205964,2017-05-18 19:34:43,134703057,0.00051491,0.00205964,1287760,buy
0,809.72979744,0.41693797,2017-05-18 19:34:45,134703069,0.00051491,0.41693796,1287761,buy
0,22.00021809,0.0112207712324,2017-05-18 19:34:55,134703164,0.00051003,0.01122077,1287764,sell
1,172.02939365,0.0885796550843,2017-05-18 19:34:55,134703160,0.00051491,0.08857965,1287763,buy
2,22.00021800,0.0112566315419,2017-05-18 19:34:55,134703159,0.00051166,0.01125663,1287762,buy
0,178.69685965,0.0920128000024,2017-05-18 19:35:09,134703260,0.00051491,0.09201280,1287765,buy
0,17.25158672,0.008883014518,2017-05-18 19:35:12,134703275,0.00051491,0.00888301,1287767,buy
1,22.00061801,0.011254416143,2017-05-18 19:35:12,134703274,0.00051155,0.01125441,1287766,buy
0,12.30340794,0.00633514778239,2017-05-18 19:35:21,134703388,0.00051491,0.00633514,1287770,buy
1,39.52579890,0.0203522291116,2017-05-18 19:35:21,134703387,0.00051491,0.02035222,1287769,buy
2,157.21221671,0.0809501425061,2017-05-18 19:35:21,134703386,0.00051491,0.08095014,1287768,buy
0,19.62610236,0.0101058726272,2017-05-18 19:35:23,134703405,0.00051492,0.01010587,1287771,buy
0,0.20794313,0.0001070740765,2017-05-18 19:35:49,134703645,0.00051492,0.00010707,1287772,buy
0,1564.97716399,0.805838041282,2017-05-18 19:36:01,134703750,0.00051492,0.80583804,1287773,buy
0,115.64033448,0.0589800397948,2017-05-18 19:36:06,134703773,0.00051003,0.05898003,1287774,sell
0,4.45835076,0.00229569397334,2017-05-18 19:36:14,134703860,0.00051492,0.00229569,1287775,sell
0,22.00031809,0.0113284037909,2017-05-18 19:36:19,134703910,0.00051492,0.01132840,1287776,sell
0,1.94397207,0.00100112617633,2017-05-18 19:36:24,134703950,0.00051499,0.00100112,1287777,buy
0,1.45653694,0.000750000001145,2017-05-18 19:36:29,134704014,0.00051492,0.00075000,1287778,sell
0,77.00000000,0.03964884,2017-05-18 19:36:39,134704113,0.00051492,0.03964884,1287779,sell
0,33.01034971,0.0169999999972,2017-05-18 19:36:46,134704197,0.00051499,0.01699999,1287782,buy
1,132.64189596,0.0683092500004,2017-05-18 19:36:45,134704165,0.00051499,0.06830925,1287781,buy
2,38.14870192,0.0196462000018,2017-05-18 19:36:44,134704153,0.00051499,0.01964620,1287780,buy
0,1078.18202510,0.555263742927,2017-05-18 19:36:50,134704224,0.00051500,0.55526374,1287785,buy
1,13.01775864,0.0067041456996,2017-05-18 19:36:50,134704223,0.00051500,0.00670414,1287784,buy
2,569.07408034,0.293067460634,2017-05-18 19:36:50,134704222,0.00051499,0.29306746,1287783,buy
0,99.74179096,0.0513670223444,2017-05-18 19:37:07,134704402,0.00051500,0.05136702,1287788,buy
1,998.50000000,0.5142275,2017-05-18 19:37:07,134704401,0.00051500,0.51422750,1287787,buy
2,1048.68894690,0.540074807654,2017-05-18 19:37:07,134704400,0.00051500,0.54007480,1287786,buy
0,2652.12169736,1.36584267414,2017-05-18 19:37:12,134704480,0.00051500,1.36584267,1287789,buy
0,130.00000000,0.06695,2017-05-18 19:37:25,134704627,0.00051500,0.06695000,1287792,buy
1,8.64075031,0.00444929514963,2017-05-18 19:37:22,134704583,0.00051492,0.00444929,1287791,sell
2,1.35924969,0.000699999997853,2017-05-18 19:37:22,134704582,0.00051499,0.00069999,1287790,sell
0,1.30126214,0.0006701500021,2017-05-18 19:37:27,134704637,0.00051500,0.00067015,1287793,buy
0,10.00000000,0.0051492,2017-05-18 19:37:32,134704713,0.00051492,0.00514920,1287794,sell
0,6.36391718,0.00327690823433,2017-05-18 19:37:38,134704786,0.00051492,0.00327690,1287795,sell
0,8.45218383,0.00435219849774,2017-05-18 19:37:50,134704890,0.00051492,0.00435219,1287796,sell
0,11.14210163,0.00573729097132,2017-05-18 19:38:01,134705002,0.00051492,0.00573729,1287797,sell
0,151.43800000,0.07797845496,2017-05-18 19:38:08,134705060,0.00051492,0.07797845,1287799,sell
1,107.54961165,0.0553880499998,2017-05-18 19:38:04,134705021,0.00051500,0.05538804,1287798,buy
0,9.29460226,0.00478597659572,2017-05-18 19:38:16,134705187,0.00051492,0.00478597,1287800,sell
0,1364.29282344,0.702610804072,2017-05-18 19:38:26,134705432,0.00051500,0.70261080,1287801,buy
0,32.09781102,0.0165303726753,2017-05-18 19:38:30,134705482,0.00051500,0.01653037,1287802,sell
0,353.60936554,0.182108823253,2017-05-18 19:38:45,134705624,0.00051500,0.18210882,1287803,sell
0,227.40435880,0.114593604486,2017-05-18 19:38:54,134705766,0.00050392,0.11459360,1287818,sell
1,327.86004762,0.165831612086,2017-05-18 19:38:54,134705765,0.00050580,0.16583161,1287817,sell
2,22.23691801,0.0112743398003,2017-05-18 19:38:54,134705764,0.00050701,0.01127433,1287816,sell
3,22.23711801,0.0112904519272,2017-05-18 19:38:54,134705763,0.00050773,0.01129045,1287815,sell
4,1084.39716062,0.550873757595,2017-05-18 19:38:54,134705762,0.00050800,0.55087375,1287814,sell
5,19.68503937,0.00999999999996,2017-05-18 19:38:54,134705761,0.00050800,0.00999999,1287813,sell
6,1504.09135827,0.764078410001,2017-05-18 19:38:54,134705760,0.00050800,0.76407841,1287812,sell
7,654.70275857,0.332589001354,2017-05-18 19:38:54,134705759,0.00050800,0.33258900,1287811,sell
8,107.34224822,0.0545405963206,2017-05-18 19:38:54,134705758,0.00050810,0.05454059,1287810,sell
9,1638.98686352,0.835932470001,2017-05-18 19:38:54,134705757,0.00051003,0.83593247,1287809,sell
10,434.54643033,0.221631715861,2017-05-18 19:38:54,134705756,0.00051003,0.22163171,1287808,sell
11,0.21741432,0.000110889999773,2017-05-18 19:38:54,134705755,0.00051004,0.00011088,1287807,sell
12,0.90876075,0.000467929997783,2017-05-18 19:38:54,134705754,0.00051491,0.00046792,1287806,sell
13,0.25000000,0.00012873,2017-05-18 19:38:54,134705753,0.00051492,0.00012873,1287805,sell
14,207.89197899,0.107047737822,2017-05-18 19:38:54,134705752,0.00051492,0.10704773,1287804,sell
0,0.25000000,0.00012873,2017-05-18 19:39:12,134705956,0.00051492,0.00012873,1287820,buy
1,7.68263461,0.00395594221338,2017-05-18 19:39:11,134705949,0.00051492,0.00395594,1287819,buy
0,17.13954600,0.00882549502632,2017-05-18 19:39:46,134706316,0.00051492,0.00882549,1287822,buy
1,2.27792973,0.00117085588122,2017-05-18 19:39:46,134706315,0.00051400,0.00117085,1287821,buy
0,1.96753323,0.00099163674792,2017-05-18 19:40:19,134706603,0.00050400,0.00099163,1287823,sell
0,21.51327584,0.0110776159955,2017-05-18 19:40:24,134706631,0.00051492,0.01107761,1287824,buy
0,0.76079752,0.000391749858998,2017-05-18 19:40:41,134706784,0.00051492,0.00039174,1287826,sell
1,7.31869879,0.00376854438095,2017-05-18 19:40:35,134706723,0.00051492,0.00376854,1287825,buy
0,46.28488092,0.023324340042,2017-05-18 19:41:34,134707306,0.00050393,0.02332434,1287834,sell
1,300.00000000,0.151179,2017-05-18 19:41:34,134707305,0.00050393,0.15117900,1287833,sell
2,18.77782543,0.00946270956894,2017-05-18 19:41:34,134707304,0.00050393,0.00946270,1287832,sell
3,4.89492588,0.00246669999871,2017-05-18 19:41:34,134707303,0.00050393,0.00246669,1287831,sell
4,111.00000000,0.055944,2017-05-18 19:41:34,134707302,0.00050400,0.05594400,1287830,sell
5,20.03246677,0.0100963632521,2017-05-18 19:41:34,134707301,0.00050400,0.01009636,1287829,sell
6,99.00990100,0.050000000005,2017-05-18 19:41:34,134707300,0.00050500,0.05000000,1287828,sell
7,400.00000000,0.204368,2017-05-18 19:41:34,134707299,0.00051092,0.20436800,1287827,sell
0,40.31956845,0.0207613521863,2017-05-18 19:41:51,134707409,0.00051492,0.02076135,1287837,sell
1,2.16291431,0.00111372783651,2017-05-18 19:41:47,134707384,0.00051492,0.00111372,1287836,buy
2,43.22349828,0.0221550685134,2017-05-18 19:41:47,134707383,0.00051257,0.02215506,1287835,buy
0,40.31956845,0.0207613521863,2017-05-18 19:41:57,134707441,0.00051492,0.02076135,1287838,sell
0,5.03267067,0.0025914227814,2017-05-18 19:42:03,134707503,0.00051492,0.00259142,1287839,sell
0,64.05330825,0.0329823294841,2017-05-18 19:42:09,134707554,0.00051492,0.03298232,1287840,sell
0,117.04542989,0.060269032759,2017-05-18 19:42:14,134707595,0.00051492,0.06026903,1287841,sell
0,137.84304170,0.0709781390322,2017-05-18 19:42:20,134707657,0.00051492,0.07097813,1287842,sell
0,52.14984852,0.0268529999999,2017-05-18 19:42:43,134707826,0.00051492,0.02685299,1287843,buy
0,0.35148525,0.00018098678493,2017-05-18 19:42:50,134707858,0.00051492,0.00018098,1287844,buy
0,3.96041584,0.0020000099992,2017-05-18 19:43:07,134708051,0.00050500,0.00200000,1287846,sell
1,4.02219758,0.00203124999988,2017-05-18 19:43:07,134708050,0.00050501,0.00203124,1287845,sell
0,0.25000000,0.00012873,2017-05-18 19:43:15,134708103,0.00051492,0.00012873,1287848,buy
1,23.01738658,0.0116237802229,2017-05-18 19:43:11,134708088,0.00050500,0.01162378,1287847,buy
0,18.74965870,0.0096545742578,2017-05-18 19:45:56,134709299,0.00051492,0.00965457,1287856,sell
1,30.10284301,0.0155005559227,2017-05-18 19:45:56,134709292,0.00051492,0.01550055,1287855,sell
2,115.38362453,0.059413335943,2017-05-18 19:45:56,134709289,0.00051492,0.05941333,1287854,buy
3,7.90374779,0.00406971877455,2017-05-18 19:45:56,134709288,0.00051491,0.00406971,1287853,buy
4,3.95447522,0.00203615929078,2017-05-18 19:45:56,134709287,0.00051490,0.00203615,1287852,buy
5,1.00000000,0.00051491,2017-05-18 19:45:54,134709257,0.00051491,0.00051491,1287851,sell
6,30.00000000,0.0154476,2017-05-18 19:45:54,134709244,0.00051492,0.01544760,1287850,buy
7,1.00000000,0.00051257,2017-05-18 19:45:53,134709233,0.00051257,0.00051257,1287849,sell
0,900.50639418,0.453783182155,2017-05-18 19:46:02,134709366,0.00050392,0.45378318,1287866,sell
1,878.64173198,0.442765141579,2017-05-18 19:46:00,134709342,0.00050392,0.44276514,1287865,sell
2,385.99400433,0.194510098662,2017-05-18 19:45:59,134709330,0.00050392,0.19451009,1287864,sell
3,253.71511908,0.127854659958,2017-05-18 19:45:59,134709329,0.00050393,0.12785465,1287863,sell
4,392.47216800,0.197805972672,2017-05-18 19:45:59,134709328,0.00050400,0.19780597,1287862,sell
5,4.35322882,0.00219402732528,2017-05-18 19:45:58,134709320,0.00050400,0.00219402,1287861,sell
6,8.64688927,0.00436590086132,2017-05-18 19:45:58,134709319,0.00050491,0.00436590,1287860,sell
7,9.00000000,0.00461313,2017-05-18 19:45:58,134709318,0.00051257,0.00461313,1287859,sell
8,2.37765760,0.00122057052896,2017-05-18 19:45:58,134709314,0.00051335,0.00122057,1287858,buy
9,12.50387960,0.00643849768363,2017-05-18 19:45:57,134709307,0.00051492,0.00643849,1287857,sell
0,2079.30286287,1.04037918744,2017-05-18 19:46:04,134709410,0.00050035,1.04037918,1287882,sell
1,3.00000000,0.00150105,2017-05-18 19:46:04,134709409,0.00050035,0.00150105,1287881,sell
2,32.46089285,0.01624408,2017-05-18 19:46:04,134709408,0.00050042,0.01624407,1287880,sell
3,0.49910161,0.000249999996449,2017-05-18 19:46:04,134709407,0.00050090,0.00024999,1287879,sell
4,1066.45255365,0.534186084123,2017-05-18 19:46:04,134709406,0.00050090,0.53418608,1287878,sell
5,1950.21600000,0.97688269656,2017-05-18 19:46:04,134709405,0.00050091,0.97688269,1287877,sell
6,10.41607466,0.00521751595794,2017-05-18 19:46:04,134709404,0.00050091,0.00521751,1287876,sell
7,300.00000000,0.150555,2017-05-18 19:46:04,134709403,0.00050185,0.15055500,1287875,sell
8,300.00000000,0.150555,2017-05-18 19:46:04,134709402,0.00050185,0.15055500,1287874,sell
9,22.23751801,0.0111598984133,2017-05-18 19:46:04,134709401,0.00050185,0.01115989,1287873,sell
10,22.23711819,0.0111623662178,2017-05-18 19:46:04,134709400,0.00050197,0.01116236,1287872,sell
11,22.23691819,0.0111622658238,2017-05-18 19:46:04,134709399,0.00050197,0.01116226,1287871,sell
12,22.23751819,0.0111734633897,2017-05-18 19:46:04,134709398,0.00050246,0.01117346,1287870,sell
13,114.76453793,0.0578309983083,2017-05-18 19:46:04,134709397,0.00050391,0.05783099,1287869,sell
14,0.83539314,0.000420962957177,2017-05-18 19:46:04,134709396,0.00050391,0.00042096,1287868,sell
15,1913.10351071,0.964051121117,2017-05-18 19:46:04,134709395,0.00050392,0.96405112,1287867,sell
0,3512.88293712,1.75767097759,2017-05-18 19:46:11,134709477,0.00050035,1.75767097,1287885,sell
1,1.44143888,0.000721238357997,2017-05-18 19:46:11,134709476,0.00050036,0.00072123,1287884,sell
2,3.01495252,0.00150856164291,2017-05-18 19:46:10,134709467,0.00050036,0.00150856,1287883,sell
0,512.29834643,0.256307985702,2017-05-18 19:46:28,134709650,0.00050031,0.25630798,1287888,sell
1,84.08076347,0.0420698100022,2017-05-18 19:46:28,134709649,0.00050035,0.04206981,1287887,sell
2,403.61713795,0.201949834973,2017-05-18 19:46:28,134709648,0.00050035,0.20194983,1287886,sell
0,74.21801080,0.0373999400023,2017-05-18 19:46:49,134709862,0.00050392,0.03739994,1287889,buy
0,28.29469217,0.0142582612783,2017-05-18 19:47:02,134709967,0.00050392,0.01425826,1287890,buy
0,17.00000000,0.00850527,2017-05-18 19:47:07,134709995,0.00050031,0.00850527,1287891,sell
0,22.00001809,0.0110862491159,2017-05-18 19:47:09,134709999,0.00050392,0.01108624,1287892,buy
0,0.49611049,0.000249995037016,2017-05-18 19:47:15,134710055,0.00050391,0.00024999,1287893,buy
0,3.95359634,0.00199225673169,2017-05-18 19:47:54,134710383,0.00050391,0.00199225,1287897,buy
1,48.13003451,0.0240799375657,2017-05-18 19:47:53,134710372,0.00050031,0.02407993,1287896,sell
2,4.68244749,0.00235396000217,2017-05-18 19:47:53,134710371,0.00050272,0.00235396,1287895,sell
3,22.00001800,0.011059849049,2017-05-18 19:47:53,134710370,0.00050272,0.01105984,1287894,sell
0,2442.90409386,1.22218491816,2017-05-18 19:48:03,134710457,0.00050030,1.22218491,1287903,sell
1,111.00000000,0.05553441,2017-05-18 19:48:03,134710456,0.00050031,0.05553441,1287902,sell
2,0.49969019,0.000249999998959,2017-05-18 19:48:03,134710455,0.00050031,0.00024999,1287901,sell
3,19.98810768,0.0100002501534,2017-05-18 19:48:03,134710454,0.00050031,0.01000025,1287900,sell
4,356.68261906,0.178451881142,2017-05-18 19:48:03,134710453,0.00050031,0.17845188,1287899,sell
5,68.92548921,0.0347322432678,2017-05-18 19:48:03,134710452,0.00050391,0.03473224,1287898,sell
0,0.49611049,0.000249999998121,2017-05-18 19:48:16,134710607,0.00050392,0.00024999,1287905,buy
1,39.47068511,0.0198900676406,2017-05-18 19:48:14,134710594,0.00050392,0.01989006,1287904,buy
0,514.01019757,0.257159301844,2017-05-18 19:48:22,134710640,0.00050030,0.25715930,1287907,sell
1,59.53444067,0.029999999998,2017-05-18 19:48:22,134710639,0.00050391,0.02999999,1287906,sell
0,39.97651439,0.0200002501493,2017-05-18 19:48:26,134710680,0.00050030,0.02000025,1287911,buy
1,37.83476621,0.0189287335349,2017-05-18 19:48:25,134710677,0.00050030,0.01892873,1287910,buy
2,1567.02477400,0.783982494432,2017-05-18 19:48:24,134710666,0.00050030,0.78398249,1287909,buy
3,0.49970017,0.000249999995051,2017-05-18 19:48:24,134710660,0.00050030,0.00024999,1287908,buy
0,11.63244054,0.00581971000216,2017-05-18 19:48:35,134710753,0.00050030,0.00581971,1287912,buy
0,22.00011800,0.0110066590354,2017-05-18 19:48:50,134710893,0.00050030,0.01100665,1287913,buy
0,0.49970017,0.000249999995051,2017-05-18 19:48:53,134710934,0.00050030,0.00024999,1287916,buy
1,7.23912939,0.00362173643382,2017-05-18 19:48:52,134710931,0.00050030,0.00362173,1287915,buy
2,22.00011809,0.0110066590804,2017-05-18 19:48:52,134710930,0.00050030,0.01100665,1287914,buy
0,0.49970017,0.000249999995051,2017-05-18 19:48:57,134710962,0.00050030,0.00024999,1287917,buy
0,99.94053597,0.0500002501458,2017-05-18 19:49:03,134711013,0.00050030,0.05000025,1287918,buy
0,54.33298914,0.0271827944667,2017-05-18 19:49:10,134711091,0.00050030,0.02718279,1287919,buy
0,0.49979008,0.000249999995917,2017-05-18 19:49:18,134711168,0.00050021,0.00024999,1287923,buy
1,22.00000000,0.01100462,2017-05-18 19:49:17,134711162,0.00050021,0.01100462,1287922,sell
2,111.00000000,0.05552331,2017-05-18 19:49:17,134711161,0.00050021,0.05552331,1287921,sell
3,69.68217349,0.0348557200014,2017-05-18 19:49:17,134711160,0.00050021,0.03485572,1287920,sell
0,0.49979008,0.000249999995917,2017-05-18 19:49:40,134711422,0.00050021,0.00024999,1287924,buy
0,21.99076387,0.0109999999954,2017-05-18 19:50:00,134711686,0.00050021,0.01099999,1287925,buy
0,0.49979008,0.000249999995917,2017-05-18 19:50:09,134711786,0.00050021,0.00024999,1287927,buy
1,99.95851763,0.0500002501037,2017-05-18 19:50:07,134711777,0.00050021,0.05000025,1287926,buy
0,254.09328082,0.127099999999,2017-05-18 19:50:19,134711858,0.00050021,0.12709999,1287928,buy
0,124.75396720,0.0623907065364,2017-05-18 19:50:26,134711920,0.00050011,0.06239070,1287932,sell
1,0.43978325,0.000219940001157,2017-05-18 19:50:26,134711919,0.00050011,0.00021994,1287931,sell
2,495.41840427,0.24781324,2017-05-18 19:50:26,134711917,0.00050021,0.24781323,1287930,buy
3,30.16304870,0.0150878585902,2017-05-18 19:50:21,134711880,0.00050021,0.01508785,1287929,buy
0,0.49979008,0.000249999995917,2017-05-18 19:51:06,134712332,0.00050021,0.00024999,1287934,buy
1,3.65146352,0.00182649856734,2017-05-18 19:51:05,134712255,0.00050021,0.00182649,1287933,buy
0,0.69764817,0.000348900826299,2017-05-18 19:51:12,134712372,0.00050011,0.00034890,1287939,sell
1,24.00000000,0.01200264,2017-05-18 19:51:12,134712371,0.00050011,0.01200264,1287938,sell
2,24.00000000,0.01200264,2017-05-18 19:51:12,134712370,0.00050011,0.01200264,1287937,sell
3,24.00000000,0.01200264,2017-05-18 19:51:12,134712369,0.00050011,0.01200264,1287936,sell
4,175.24603280,0.0876422934636,2017-05-18 19:51:12,134712368,0.00050011,0.08764229,1287935,sell
0,0.49979008,0.000249999995917,2017-05-18 19:51:35,134712551,0.00050021,0.00024999,1287941,buy
1,1.00000000,0.00050021,2017-05-18 19:51:34,134712539,0.00050021,0.00050021,1287940,buy
0,58.35722226,0.0291908661467,2017-05-18 19:51:42,134712586,0.00050021,0.02919086,1287943,buy
1,112.92323090,0.0564853293285,2017-05-18 19:51:42,134712585,0.00050021,0.05648532,1287942,buy
0,0.49989002,0.000249999997902,2017-05-18 19:51:44,134712622,0.00050011,0.00024999,1287945,sell
1,23.30235183,0.0116537391737,2017-05-18 19:51:44,134712621,0.00050011,0.01165373,1287944,sell
0,447.70542689,0.223866144608,2017-05-18 19:51:49,134712656,0.00050003,0.22386614,1287949,sell
1,24.00000000,0.0120024,2017-05-18 19:51:49,134712655,0.00050010,0.01200240,1287948,sell
2,22.00000000,0.0110022,2017-05-18 19:51:49,134712654,0.00050010,0.01100220,1287947,sell
3,100.00000000,0.05001,2017-05-18 19:51:49,134712653,0.00050010,0.05001000,1287946,sell
0,20.01820052,0.0100113022621,2017-05-18 19:52:03,134712721,0.00050011,0.01001130,1287951,buy
1,33.25490101,0.0166311085441,2017-05-18 19:51:58,134712694,0.00050011,0.01663110,1287950,buy
0,288.41173113,0.144237590855,2017-05-18 19:52:11,134712803,0.00050011,0.14423759,1287953,buy
1,2.00182005,0.00100113022521,2017-05-18 19:52:08,134712751,0.00050011,0.00100113,1287952,buy
0,816.45434739,0.408472109999,2017-05-18 19:52:41,134713010,0.00050030,0.40847210,1287954,buy
0,8.82027931,0.00441049246617,2017-05-18 20:01:13,134716716,0.00050004,0.00441049,1287990,buy
1,8.82027931,0.00441049246617,2017-05-18 20:01:13,134716715,0.00050004,0.00441049,1287989,buy
2,8.82027931,0.00441049246617,2017-05-18 20:01:13,134716713,0.00050004,0.00441049,1287988,buy
3,8.82027931,0.004412697536,2017-05-18 20:01:12,134716712,0.00050029,0.00441269,1287987,sell
4,7.92903763,0.00396681823591,2017-05-18 20:01:12,134716711,0.00050029,0.00396681,1287986,sell
5,8.82027931,0.004412697536,2017-05-18 20:01:12,134716710,0.00050029,0.00441269,1287985,sell
6,39.97651439,0.0200002501493,2017-05-18 20:01:12,134716705,0.00050030,0.02000025,1287984,buy
7,670.89713201,0.335448566005,2017-05-18 20:01:09,134716690,0.00050000,0.33544856,1287983,sell
8,198.81273500,0.0994063675,2017-05-18 20:01:09,134716689,0.00050000,0.09940636,1287982,sell
9,27.90218000,0.01395109,2017-05-18 20:01:09,134716688,0.00050000,0.01395109,1287981,sell
10,50.00000000,0.025,2017-05-18 20:01:09,134716687,0.00050000,0.02500000,1287980,sell
11,16.37092000,0.00818546,2017-05-18 20:01:09,134716686,0.00050000,0.00818546,1287979,sell
12,10.00000000,0.005,2017-05-18 20:01:09,134716685,0.00050000,0.00500000,1287978,sell
13,16.12707952,0.00806353976,2017-05-18 20:01:09,134716684,0.00050000,0.00806353,1287977,sell
14,2.64036363,0.001320181815,2017-05-18 20:01:09,134716683,0.00050000,0.00132018,1287976,sell
15,4.86533997,0.002432669985,2017-05-18 20:01:09,134716682,0.00050000,0.00243266,1287975,sell
16,2.59988980,0.0012999449,2017-05-18 20:01:09,134716681,0.00050000,0.00129994,1287974,sell
17,1.92282053,0.000961410265,2017-05-18 20:01:09,134716680,0.00050000,0.00096141,1287973,sell
18,49.16757659,0.024583788295,2017-05-18 20:01:09,134716679,0.00050000,0.02458378,1287972,sell
19,2.97083373,0.001485416865,2017-05-18 20:01:09,134716678,0.00050000,0.00148541,1287971,sell
20,2.24678337,0.001123391685,2017-05-18 20:01:09,134716677,0.00050000,0.00112339,1287970,sell
21,3.18334414,0.00159167207,2017-05-18 20:01:09,134716676,0.00050000,0.00159167,1287969,sell
22,4.02799961,0.002013999805,2017-05-18 20:01:09,134716675,0.00050000,0.00201399,1287968,sell
23,2.45696296,0.00122848148,2017-05-18 20:01:09,134716674,0.00050000,0.00122848,1287967,sell
24,5.00000000,0.0025,2017-05-18 20:01:09,134716673,0.00050000,0.00250000,1287966,sell
25,100.00500000,0.0500025,2017-05-18 20:01:09,134716672,0.00050000,0.05000250,1287965,sell
26,999.98000039,0.499999999995,2017-05-18 20:01:09,134716671,0.00050001,0.49999999,1287964,sell
27,3999.84000639,2.0,2017-05-18 20:01:09,134716670,0.00050002,1.99999999,1287963,sell
28,111.00000000,0.05550333,2017-05-18 20:01:09,134716669,0.00050003,0.05550333,1287962,sell
29,552.23457670,0.276133855387,2017-05-18 20:01:09,134716668,0.00050003,0.27613385,1287961,sell
30,1161.67200000,0.58088246688,2017-05-18 20:01:09,134716667,0.00050004,0.58088246,1287960,sell
31,1.00000000,0.00050011,2017-05-18 20:01:09,134716666,0.00050011,0.00050011,1287959,sell
32,2.00182005,0.00100113022521,2017-05-18 20:01:09,134716665,0.00050011,0.00100113,1287958,sell
33,1.07463561,0.000537629449327,2017-05-18 20:01:09,134716664,0.00050029,0.00053762,1287957,sell
34,3.00182005,0.00150178055281,2017-05-18 20:01:09,134716653,0.00050029,0.00150178,1287956,sell
35,7.92903763,0.00396681823591,2017-05-18 20:01:09,134716652,0.00050029,0.00396681,1287955,sell
0,25.00000000,0.0125075,2017-05-18 20:01:19,134716812,0.00050030,0.01250750,1288002,sell
1,796.00671680,0.398242160415,2017-05-18 20:01:18,134716811,0.00050030,0.39824216,1288001,sell
2,2807.58200000,1.4046332746,2017-05-18 20:01:17,134716789,0.00050030,1.40463327,1288000,buy
3,2358.31818430,1.17986658761,2017-05-18 20:01:17,134716788,0.00050030,1.17986658,1287999,buy
4,27.54392745,0.013779951464,2017-05-18 20:01:17,134716787,0.00050029,0.01377995,1287998,buy
5,8.12933114,0.00406702307603,2017-05-18 20:01:17,134716786,0.00050029,0.00406702,1287997,buy
6,0.49970017,0.000249994998049,2017-05-18 20:01:15,134716751,0.00050029,0.00024999,1287996,buy
7,3.99810143,0.00200021016441,2017-05-18 20:01:15,134716747,0.00050029,0.00200021,1287995,buy
8,7.92903763,0.00396681823591,2017-05-18 20:01:15,134716746,0.00050029,0.00396681,1287994,sell
9,19.98800720,0.0100000000022,2017-05-18 20:01:14,134716739,0.00050030,0.01000000,1287993,buy
10,640.27087983,0.320327521179,2017-05-18 20:01:14,134716737,0.00050030,0.32032752,1287992,buy
11,947.96956582,0.474022701693,2017-05-18 20:01:14,134716736,0.00050004,0.47402270,1287991,buy
0,0.49969019,0.000249999998959,2017-05-18 20:01:21,134716874,0.00050031,0.00024999,1288005,buy
1,8.82010301,0.00441278573693,2017-05-18 20:01:20,134716868,0.00050031,0.00441278,1288004,buy
2,78.04205500,0.0390444401165,2017-05-18 20:01:20,134716865,0.00050030,0.03904444,1288003,sell
0,31.02753078,0.0155230736492,2017-05-18 20:01:30,134716936,0.00050030,0.01552307,1288006,sell
0,64.63476918,0.0323367750208,2017-05-18 20:01:35,134716966,0.00050030,0.03233677,1288007,sell
0,643.58810071,0.321794050355,2017-05-18 20:01:38,134717004,0.00050000,0.32179405,1288021,sell
1,7.92903763,0.00396483597651,2017-05-18 20:01:38,134717003,0.00050004,0.00396483,1288020,sell
2,0.49996000,0.0002499999984,2017-05-18 20:01:38,134717002,0.00050004,0.00024999,1288019,sell
3,1.35607920,0.000678270133464,2017-05-18 20:01:38,134717001,0.00050017,0.00067827,1288018,sell
4,0.49971016,0.000249999995946,2017-05-18 20:01:38,134717000,0.00050029,0.00024999,1288017,sell
5,7.92903763,0.00396681823591,2017-05-18 20:01:38,134716999,0.00050029,0.00396681,1288016,sell
6,7.92903763,0.00396681823591,2017-05-18 20:01:38,134716998,0.00050029,0.00396681,1288015,sell
7,0.49970017,0.000249999995051,2017-05-18 20:01:38,134716997,0.00050030,0.00024999,1288014,sell
8,0.49970017,0.000249999995051,2017-05-18 20:01:38,134716996,0.00050030,0.00024999,1288013,sell
9,0.49970017,0.000249999995051,2017-05-18 20:01:38,134716995,0.00050030,0.00024999,1288012,sell
10,1908.51131585,0.95482821132,2017-05-18 20:01:38,134716994,0.00050030,0.95482821,1288011,sell
11,749.00000000,0.3747247,2017-05-18 20:01:36,134716980,0.00050030,0.37472470,1288010,sell
12,8.82010301,0.00441278573693,2017-05-18 20:01:36,134716979,0.00050031,0.00441278,1288009,buy
13,0.89135719,0.000445946002157,2017-05-18 20:01:36,134716967,0.00050030,0.00044594,1288008,sell
0,362.98352695,0.181491763475,2017-05-18 20:02:00,134717145,0.00050000,0.18149176,1288022,sell
0,0.50000000,0.00025,2017-05-18 20:02:08,134717210,0.00050000,0.00025000,1288028,sell
1,0.50000000,0.00025,2017-05-18 20:02:08,134717209,0.00050000,0.00025000,1288027,sell
2,200.00000000,0.1,2017-05-18 20:02:08,134717208,0.00050000,0.10000000,1288026,sell
3,1079.83460000,0.5399173,2017-05-18 20:02:08,134717207,0.00050000,0.53991730,1288025,sell
4,0.94504000,0.00047252,2017-05-18 20:02:08,134717206,0.00050000,0.00047252,1288024,sell
5,4046.62174033,2.02331087016,2017-05-18 20:02:08,134717205,0.00050000,2.02331087,1288023,sell
0,557.36672700,0.278092554769,2017-05-18 20:02:15,134717337,0.00049894,0.27809255,1288046,sell
1,557.36672700,0.278092554769,2017-05-18 20:02:15,134717331,0.00049894,0.27809255,1288045,sell
2,557.36672700,0.278092554769,2017-05-18 20:02:14,134717320,0.00049894,0.27809255,1288044,sell
3,1536.97520600,0.766858409282,2017-05-18 20:02:12,134717308,0.00049894,0.76685840,1288043,sell
4,10286.27925361,5.1322361708,2017-05-18 20:02:10,134717237,0.00049894,5.13223617,1288042,sell
5,549.30181785,0.274068648998,2017-05-18 20:02:10,134717236,0.00049894,0.27406864,1288041,sell
6,19858.14471750,9.90802272535,2017-05-18 20:02:10,134717226,0.00049894,9.90802272,1288040,sell
7,8016.83535424,4.0,2017-05-18 20:02:10,134717225,0.00049895,3.99999999,1288039,sell
8,46.87795299,0.0233953799987,2017-05-18 20:02:10,134717224,0.00049907,0.02339537,1288038,sell
9,32.60381101,0.0162719099989,2017-05-18 20:02:10,134717223,0.00049908,0.01627190,1288037,sell
10,22.23691819,0.0110984458686,2017-05-18 20:02:10,134717222,0.00049910,0.01109844,1288036,sell
11,22.23721819,0.0110985955986,2017-05-18 20:02:10,134717221,0.00049910,0.01109859,1288035,sell
12,635.58759900,0.317323464677,2017-05-18 20:02:10,134717220,0.00049926,0.31732346,1288034,sell
13,117.00380600,0.0584153201836,2017-05-18 20:02:09,134717219,0.00049926,0.05841532,1288033,sell
14,200.15209559,0.0999999899987,2017-05-18 20:02:09,134717218,0.00049962,0.09999998,1288032,sell
15,2.38331333,0.00119118000233,2017-05-18 20:02:09,134717217,0.00049980,0.00119118,1288031,sell
16,1036.85798023,0.518283829998,2017-05-18 20:02:09,134717216,0.00049986,0.51828382,1288030,sell
17,9.07923373,0.00453834577228,2017-05-18 20:02:09,134717215,0.00049986,0.00453834,1288029,sell
0,0.24356000,0.0001217459016,2017-05-18 20:02:23,134717406,0.00049986,0.00012174,1288049,buy
1,553.41197300,0.276119369809,2017-05-18 20:02:19,134717362,0.00049894,0.27611936,1288048,sell
2,688.53694800,0.343538624835,2017-05-18 20:02:18,134717358,0.00049894,0.34353862,1288047,sell
0,98.87142944,0.0493309110048,2017-05-18 20:02:24,134717407,0.00049894,0.04933091,1288050,sell
0,10000.00000000,4.9894,2017-05-18 20:02:32,134717468,0.00049894,4.98940000,1288051,sell
0,44.31471368,0.0221103832435,2017-05-18 20:02:41,134717518,0.00049894,0.02211038,1288052,sell
0,199.31000000,0.0994437314,2017-05-18 20:02:47,134717581,0.00049894,0.09944373,1288056,sell
1,3.69789301,0.00184842879998,2017-05-18 20:02:47,134717578,0.00049986,0.00184842,1288055,buy
2,36.30210699,0.0181267310833,2017-05-18 20:02:47,134717577,0.00049933,0.01812673,1288054,buy
3,8.12428735,0.00405353193041,2017-05-18 20:02:45,134717556,0.00049894,0.00405353,1288053,sell
0,901.48800000,0.44978842272,2017-05-18 20:02:51,134717596,0.00049894,0.44978842,1288057,sell
0,180.38241071,0.0899999999996,2017-05-18 20:02:56,134717614,0.00049894,0.08999999,1288058,sell
0,198.12180528,0.0990331655873,2017-05-18 20:03:23,134717776,0.00049986,0.09903316,1288059,buy
0,4283.48564951,2.14174282476,2017-05-18 20:03:30,134717827,0.00050000,2.14174282,1288061,buy
1,515.05487049,0.257455327563,2017-05-18 20:03:30,134717826,0.00049986,0.25745532,1288060,buy
0,40.97628578,0.02048814289,2017-05-18 20:03:45,134717974,0.00050000,0.02048814,1288064,buy
1,205.37214253,0.102686071265,2017-05-18 20:03:45,134717973,0.00050000,0.10268607,1288063,buy
2,33.48367242,0.01674183621,2017-05-18 20:03:45,134717972,0.00050000,0.01674183,1288062,buy
0,22.25019048,0.0111015100381,2017-05-18 20:04:00,134718113,0.00049894,0.01110151,1288066,sell
1,28.00784219,0.0139999999971,2017-05-18 20:04:00,134718112,0.00049986,0.01399999,1288065,sell
0,54.75289143,0.027376445715,2017-05-18 20:04:19,134718243,0.00050000,0.02737644,1288068,buy
1,1700.22041772,0.848307975217,2017-05-18 20:04:18,134718239,0.00049894,0.84830797,1288067,sell
0,40.08548015,0.020000249466,2017-05-18 20:04:26,134718330,0.00049894,0.02000024,1288073,sell
1,44.91451985,0.022409650534,2017-05-18 20:04:26,134718329,0.00049894,0.02240965,1288072,sell
2,957.21048409,0.477590598932,2017-05-18 20:04:23,134718308,0.00049894,0.47759059,1288071,sell
3,0.50106225,0.000249999999015,2017-05-18 20:04:23,134718307,0.00049894,0.00024999,1288070,sell
4,713.28845366,0.355888141069,2017-05-18 20:04:23,134718306,0.00049894,0.35588814,1288069,sell
0,547.30844115,0.272877042589,2017-05-18 20:04:30,134718355,0.00049858,0.27287704,1288076,sell
1,54.14344451,0.0269953799982,2017-05-18 20:04:30,134718354,0.00049859,0.02699537,1288075,sell
2,0.71591843,0.000357049998594,2017-05-18 20:04:30,134718353,0.00049873,0.00035704,1288074,sell
0,55.80033481,0.0277824286986,2017-05-18 20:04:40,134718420,0.00049789,0.02778242,1288084,sell
1,4.03769758,0.00201041000206,2017-05-18 20:04:40,134718419,0.00049791,0.00201041,1288083,sell
2,351.37364600,0.174980561972,2017-05-18 20:04:38,134718412,0.00049799,0.17498056,1288082,sell
3,12.11449738,0.00603289855027,2017-05-18 20:04:38,134718411,0.00049799,0.00603289,1288081,sell
4,2.26111561,0.00112635212997,2017-05-18 20:04:38,134718410,0.00049814,0.00112635,1288080,sell
5,194.00000000,0.0966508,2017-05-18 20:04:38,134718409,0.00049820,0.09665080,1288079,sell
6,340.15117100,0.169490525486,2017-05-18 20:04:38,134718408,0.00049828,0.16949052,1288078,sell
7,239.63800453,0.119478716299,2017-05-18 20:04:38,134718395,0.00049858,0.11947871,1288077,sell
0,549.05706523,0.273079021963,2017-05-18 20:04:58,134718502,0.00049736,0.27307902,1288091,sell
1,100.53580263,0.0500024867961,2017-05-18 20:04:58,134718501,0.00049736,0.05000248,1288090,sell
2,60.31898158,0.0300002486786,2017-05-18 20:04:58,134718500,0.00049736,0.03000024,1288089,sell
3,120.63746316,0.0600002486773,2017-05-18 20:04:58,134718499,0.00049736,0.06000024,1288088,sell
4,22.00000000,0.010945,2017-05-18 20:04:58,134718498,0.00049750,0.01094500,1288087,sell
5,30.12048192,0.0149939758998,2017-05-18 20:04:58,134718497,0.00049780,0.01499397,1288086,sell
6,811.59772141,0.404086389513,2017-05-18 20:04:58,134718496,0.00049789,0.40408638,1288085,sell
0,2.38413088,0.00118727333693,2017-05-18 20:05:24,134718678,0.00049799,0.00118727,1288094,sell
1,21.36560718,0.0106524644278,2017-05-18 20:05:22,134718657,0.00049858,0.01065246,1288093,buy
2,0.63471091,0.000316079686071,2017-05-18 20:05:22,134718656,0.00049799,0.00031607,1288092,buy
0,17.23685012,0.0085749881977,2017-05-18 20:05:29,134718713,0.00049748,0.00857498,1288095,buy
0,59.85000000,0.029766996,2017-05-18 20:05:57,134718957,0.00049736,0.02976699,1288096,sell
0,156.55220795,0.077862806146,2017-05-18 20:06:23,134719133,0.00049736,0.07786280,1288099,sell
1,22.00041809,0.0109531281503,2017-05-18 20:06:23,134719132,0.00049786,0.01095312,1288098,sell
2,17.23635003,0.00858335758794,2017-05-18 20:06:21,134719121,0.00049798,0.00858335,1288097,buy
0,0.20426523,0.000101719999235,2017-05-18 20:06:33,134719173,0.00049798,0.00010171,1288100,buy
0,127.63863717,0.0632577085815,2017-05-18 20:06:37,134719329,0.00049560,0.06325770,1288123,sell
1,22.57894312,0.0111946399989,2017-05-18 20:06:37,134719328,0.00049580,0.01119463,1288122,sell
2,2.94042073,0.00145789000214,2017-05-18 20:06:37,134719327,0.00049581,0.00145789,1288121,sell
3,47.90074612,0.0237539800009,2017-05-18 20:06:37,134719326,0.00049590,0.02375398,1288120,sell
4,123.56088100,0.0612936106289,2017-05-18 20:06:37,134719325,0.00049606,0.06129361,1288119,sell
5,1.87437267,0.000929970000221,2017-05-18 20:06:37,134719324,0.00049615,0.00092997,1288118,sell
6,22.00000000,0.01091662,2017-05-18 20:06:37,134719323,0.00049621,0.01091662,1288117,sell
7,1.34972193,0.00066983999942,2017-05-18 20:06:37,134719322,0.00049628,0.00066983,1288116,sell
8,2.88769795,0.0014332800005,2017-05-18 20:06:37,134719321,0.00049634,0.00143328,1288115,sell
9,4.84460039,0.00240597389169,2017-05-18 20:06:37,134719320,0.00049663,0.00240597,1288114,sell
10,1.47765080,0.000733845716804,2017-05-18 20:06:37,134719319,0.00049663,0.00073384,1288113,sell
11,27.60492087,0.0137102599993,2017-05-18 20:06:37,134719318,0.00049666,0.01371025,1288112,sell
12,2.96041610,0.00147076432264,2017-05-18 20:06:37,134719317,0.00049681,0.00147076,1288111,sell
13,0.45270529,0.000224990002077,2017-05-18 20:06:37,134719316,0.00049699,0.00022499,1288110,sell
14,18.97591501,0.00943084000082,2017-05-18 20:06:37,134719315,0.00049699,0.00943084,1288109,sell
15,7.96157141,0.00395753791648,2017-05-18 20:06:37,134719314,0.00049708,0.00395753,1288108,sell
16,9.00545184,0.00447643000063,2017-05-18 20:06:37,134719313,0.00049708,0.00447643,1288107,sell
17,9.00545061,0.00447642938922,2017-05-18 20:06:37,134719312,0.00049708,0.00447642,1288106,sell
18,2.21283443,0.00109999999515,2017-05-18 20:06:37,134719311,0.00049710,0.00109999,1288105,sell
19,12.93798531,0.00643160187745,2017-05-18 20:06:37,134719310,0.00049711,0.00643160,1288104,sell
20,36.97153980,0.0183866861733,2017-05-18 20:06:37,134719309,0.00049732,0.01838668,1288103,sell
21,160.84978422,0.0800002486797,2017-05-18 20:06:37,134719308,0.00049736,0.08000024,1288102,sell
22,756.26307237,0.376135001674,2017-05-18 20:06:37,134719307,0.00049736,0.37613500,1288101,sell
0,40.16227560,0.0199044237874,2017-05-18 20:06:44,134719353,0.00049560,0.01990442,1288125,buy
1,343.10748874,0.17004407142,2017-05-18 20:06:44,134719352,0.00049560,0.17004407,1288124,sell
0,5.89859919,0.00292104530488,2017-05-18 20:06:52,134719399,0.00049521,0.00292104,1288128,sell
1,2758.57484413,1.36610143431,2017-05-18 20:06:52,134719398,0.00049522,1.36610143,1288127,sell
2,3.46058979,0.00171447999966,2017-05-18 20:06:52,134719397,0.00049543,0.00171447,1288126,sell
0,27.10000000,0.01343076,2017-05-18 20:07:02,134719453,0.00049560,0.01343076,1288129,buy
0,15.50000000,0.0076818,2017-05-18 20:07:15,134719532,0.00049560,0.00768180,1288130,buy
0,93.82604672,0.0464626583357,2017-05-18 20:07:19,134719607,0.00049520,0.04646265,1288132,sell
1,20.19395328,0.0100002476038,2017-05-18 20:07:19,134719606,0.00049521,0.01000024,1288131,sell
0,2700.00000000,1.33704,2017-05-18 20:07:23,134719628,0.00049520,1.33704000,1288133,sell
0,13.82660449,0.00685246518524,2017-05-18 20:07:28,134719646,0.00049560,0.00685246,1288134,buy
0,225.85561253,0.11193404157,2017-05-18 20:07:35,134719707,0.00049560,0.11193404,1288136,buy
1,0.44801864,0.000222038037984,2017-05-18 20:07:33,134719691,0.00049560,0.00022203,1288135,buy
0,1.30000000,0.000646568,2017-05-18 20:07:58,134719872,0.00049736,0.00064656,1288139,sell
1,21.16700000,0.01052761912,2017-05-18 20:07:58,134719870,0.00049736,0.01052761,1288138,buy
2,1.30000000,0.000646568,2017-05-18 20:07:56,134719857,0.00049736,0.00064656,1288137,buy
0,143.03000000,0.0711359705,2017-05-18 20:08:03,134719899,0.00049735,0.07113597,1288142,buy
1,11.03623540,0.0054684546407,2017-05-18 20:07:59,134719885,0.00049550,0.00546845,1288141,sell
2,24.14438747,0.0119659584301,2017-05-18 20:07:59,134719884,0.00049560,0.01196595,1288140,sell
0,49.87500001,0.024718050005,2017-05-18 20:08:09,134719926,0.00049560,0.02471805,1288143,buy
0,115.84700000,0.05761650545,2017-05-18 20:08:15,134719971,0.00049735,0.05761650,1288144,buy
0,10.12806183,0.00501845463676,2017-05-18 20:08:24,134720049,0.00049550,0.00501845,1288146,sell
1,89.87193817,0.0445315453632,2017-05-18 20:08:24,134720048,0.00049550,0.04453154,1288145,sell
0,50.14200000,0.0249381237,2017-05-18 20:08:26,134720057,0.00049735,0.02493812,1288147,buy
0,22.22058431,0.0110656287805,2017-05-18 20:08:41,134720141,0.00049799,0.01106562,1288150,buy
1,846.37584424,0.421478242915,2017-05-18 20:08:41,134720140,0.00049798,0.42147824,1288149,buy
2,724.98369326,0.360570639843,2017-05-18 20:08:41,134720139,0.00049735,0.36057063,1288148,buy
0,7.99066921,0.00395945650025,2017-05-18 20:10:19,134720713,0.00049551,0.00395945,1288152,sell
1,10.00000000,0.0049736,2017-05-18 20:10:19,134720712,0.00049736,0.00497360,1288151,sell
0,8.88413661,0.00440208969025,2017-05-18 20:10:28,134720772,0.00049550,0.00440208,1288154,sell
1,9.10653260,0.0045122869033,2017-05-18 20:10:28,134720771,0.00049550,0.00451228,1288153,sell
0,2808.40011329,1.41262525698,2017-05-18 20:10:48,134720992,0.00050300,1.41262525,1288161,buy
1,2662.59354758,1.3392579285,2017-05-18 20:10:48,134720991,0.00050299,1.33925792,1288160,buy
2,2.94420927,0.00147301733987,2017-05-18 20:10:48,134720990,0.00050031,0.00147301,1288159,buy
3,0.67563023,0.000337098946956,2017-05-18 20:10:48,134720989,0.00049894,0.00033709,1288158,buy
4,165.00000000,0.0823251,2017-05-18 20:10:48,134720988,0.00049894,0.08232510,1288157,buy
5,39.63439282,0.0197609155722,2017-05-18 20:10:48,134720987,0.00049858,0.01976091,1288156,buy
6,3.35740854,0.00167198945292,2017-05-18 20:10:48,134720986,0.00049800,0.00167198,1288155,buy
0,1656.12317943,0.820625596639,2017-05-18 20:10:58,134721108,0.00049551,0.82062559,1288162,sell
0,4.03632694,0.00200028254166,2017-05-18 20:11:10,134721201,0.00049557,0.00200028,1288164,sell
1,671.43980984,0.332745426562,2017-05-18 20:11:08,134721179,0.00049557,0.33274542,1288163,sell
0,235.11038218,0.116513652097,2017-05-18 20:11:18,134721271,0.00049557,0.11651365,1288167,sell
1,2758.74183482,1.3671772785,2017-05-18 20:11:18,134721270,0.00049558,1.36717727,1288166,sell
2,1.12013382,0.000557120958053,2017-05-18 20:11:18,134721269,0.00049737,0.00055712,1288165,sell
0,13.34356323,0.00671181230469,2017-05-18 20:11:31,134721439,0.00050300,0.00671181,1288169,buy
1,30.09979661,0.0151233418087,2017-05-18 20:11:31,134721438,0.00050244,0.01512334,1288168,buy
0,35.99937417,0.0178402098574,2017-05-18 20:12:06,134721844,0.00049557,0.01784020,1288171,sell
1,10.50323216,0.00520519179385,2017-05-18 20:12:03,134721834,0.00049558,0.00520519,1288170,sell
0,472.70979765,0.234260794421,2017-05-18 20:12:15,134722032,0.00049557,0.23426079,1288174,sell
1,5.00000000,0.00249,2017-05-18 20:12:15,134722031,0.00049800,0.00249000,1288173,sell
2,10.53697019,0.00524751652432,2017-05-18 20:12:15,134722030,0.00049801,0.00524751,1288172,sell
0,1.29216584,0.000646069998342,2017-05-18 20:12:38,134722297,0.00049999,0.00064606,1288175,buy
0,15.29603864,0.00764786635961,2017-05-18 20:12:46,134722433,0.00049999,0.00764786,1288176,buy
0,19.88071571,0.0100000000021,2017-05-18 20:12:53,134722544,0.00050300,0.01000000,1288177,buy
0,59.64214711,0.0299999999963,2017-05-18 20:13:10,134722718,0.00050300,0.02999999,1288178,buy
0,1407.12952414,0.709080709805,2017-05-18 20:13:11,134722727,0.00050392,0.70908070,1288182,buy
1,992.26036912,0.5,2017-05-18 20:13:11,134722726,0.00050390,0.49999999,1288181,buy
2,2657.83787830,1.3392579285,2017-05-18 20:13:11,134722725,0.00050389,1.33925792,1288180,buy
3,386.87835640,0.194599813269,2017-05-18 20:13:11,134722724,0.00050300,0.19459981,1288179,buy
0,0.90401064,0.000455540001602,2017-05-18 20:13:22,134722813,0.00050391,0.00045554,1288183,buy
0,10.23803854,0.00515905000069,2017-05-18 20:13:37,134722929,0.00050391,0.00515905,1288184,buy
0,37.69615606,0.0188593868768,2017-05-18 20:14:00,134723154,0.00050030,0.01885938,1288185,buy
0,25.99160919,0.0129955446789,2017-05-18 20:14:13,134723431,0.00049999,0.01299554,1288187,sell
1,10.52827616,0.00526413808,2017-05-18 20:14:13,134723430,0.00050000,0.00526413,1288186,sell
0,1.44867138,0.000724770291414,2017-05-18 20:14:20,134723491,0.00050030,0.00072477,1288188,buy
0,1.91823557,0.000960076902785,2017-05-18 20:14:29,134723584,0.00050050,0.00096007,1288190,buy
1,78.20438860,0.0391256556166,2017-05-18 20:14:29,134723583,0.00050030,0.03912565,1288189,buy
0,190.18760422,0.0945232392973,2017-05-18 20:14:36,134723691,0.00049700,0.09452323,1288196,sell
1,0.28297600,0.00014084847424,2017-05-18 20:14:36,134723690,0.00049774,0.00014084,1288195,sell
2,30.15999620,0.0150685373014,2017-05-18 20:14:36,134723689,0.00049962,0.01506853,1288194,sell
3,98.71565222,0.0493568389535,2017-05-18 20:14:36,134723688,0.00049999,0.04935683,1288193,sell
4,21.65377136,0.0108485394514,2017-05-18 20:14:36,134723687,0.00050100,0.01084853,1288192,sell
5,1.01085270,0.00050896433445,2017-05-18 20:14:35,134723674,0.00050350,0.00050896,1288191,buy
0,3.73489797,0.00185628164007,2017-05-18 20:14:45,134723802,0.00049701,0.00185628,1288197,sell
0,49.70178926,0.024776838964,2017-05-18 20:14:50,134723845,0.00049851,0.02477683,1288198,buy
0,10.00000000,0.0049851,2017-05-18 20:15:04,134723931,0.00049851,0.00498510,1288201,buy
1,40.88341833,0.0203807928717,2017-05-18 20:15:03,134723926,0.00049851,0.02038079,1288200,buy
2,9.11658167,0.00454470712831,2017-05-18 20:15:03,134723925,0.00049851,0.00454470,1288199,buy
0,7.93495260,0.00395565322063,2017-05-18 20:15:09,134723961,0.00049851,0.00395565,1288202,buy
0,9.97500000,0.00497263725,2017-05-18 20:15:16,134724019,0.00049851,0.00497263,1288203,sell
0,50.14994534,0.0250002492514,2017-05-18 20:15:56,134724757,0.00049851,0.02500024,1288206,sell
1,62.23313380,0.0310238395306,2017-05-18 20:15:56,134724756,0.00049851,0.03102383,1288205,sell
2,20.05937575,0.00999999999889,2017-05-18 20:15:56,134724755,0.00049852,0.00999999,1288204,sell
0,627.07183766,0.315987769715,2017-05-18 20:16:11,134724875,0.00050391,0.31598776,1288213,buy
1,200.78014730,0.101092804166,2017-05-18 20:16:11,134724874,0.00050350,0.10109280,1288212,buy
2,207.12782698,0.103586697551,2017-05-18 20:16:11,134724873,0.00050011,0.10358669,1288211,buy
3,49.28520555,0.0245770534516,2017-05-18 20:16:11,134724872,0.00049867,0.02457705,1288210,buy
4,305.73498251,0.152411946131,2017-05-18 20:16:11,134724871,0.00049851,0.15241194,1288209,buy
5,775.29566654,0.38532194627,2017-05-18 20:16:07,134724833,0.00049700,0.38532194,1288208,sell
6,6.74433350,0.00335200119283,2017-05-18 20:16:07,134724832,0.00049701,0.00335200,1288207,sell
0,68.82750000,0.0342072675,2017-05-18 20:16:35,134725105,0.00049700,0.03420726,1288214,sell
0,24.08343241,0.0121004797801,2017-05-18 20:16:45,134725189,0.00050244,0.01210047,1288215,buy
0,207.96235438,0.104792230372,2017-05-18 20:17:22,134725524,0.00050390,0.10479223,1288216,buy
0,100.00000000,0.05039,2017-05-18 20:17:48,134725765,0.00050390,0.05039000,1288217,buy
0,58.97672157,0.0297183699991,2017-05-18 20:17:58,134725837,0.00050390,0.02971836,1288218,buy
0,19.84520738,0.00999999999878,2017-05-18 20:18:01,134725868,0.00050390,0.00999999,1288219,buy
0,19.92257979,0.0100389879562,2017-05-18 20:18:04,134725893,0.00050390,0.01003898,1288220,buy
0,19.84481356,0.00999980155288,2017-05-18 20:18:14,134725952,0.00050390,0.00999980,1288221,buy
0,1210.76154367,0.610102741855,2017-05-18 20:18:26,134726131,0.00050390,0.61010274,1288222,buy
0,859.72677355,0.427284206454,2017-05-18 20:18:50,134726354,0.00049700,0.42728420,1288229,sell
1,1.58734352,0.00078894147631,2017-05-18 20:18:50,134726353,0.00049702,0.00078894,1288228,sell
2,24.13159928,0.0120566296323,2017-05-18 20:18:50,134726352,0.00049962,0.01205662,1288227,sell
3,1.66710234,0.000833567841023,2017-05-18 20:18:50,134726351,0.00050001,0.00083356,1288226,sell
4,10.00000000,0.0050244,2017-05-18 20:18:50,134726350,0.00050244,0.00502440,1288225,sell
5,491.95834372,0.247179550219,2017-05-18 20:18:50,134726349,0.00050244,0.24717955,1288224,sell
6,5.56491367,0.00280415999831,2017-05-18 20:18:50,134726348,0.00050390,0.00280415,1288223,sell
0,909.06179623,0.458094420356,2017-05-18 20:19:10,134726543,0.00050392,0.45809442,1288232,buy
1,200.75316875,0.100866422107,2017-05-18 20:19:10,134726542,0.00050244,0.10086642,1288231,buy
2,119.53072803,0.0600570189914,2017-05-18 20:19:10,134726541,0.00050244,0.06005701,1288230,buy
0,201.20724346,0.0999999999996,2017-05-18 20:19:18,134726634,0.00049700,0.09999999,1288233,sell
0,38.24622956,0.0192730399999,2017-05-18 20:19:21,134726659,0.00050392,0.01927303,1288235,buy
1,0.23805604,0.000119961199677,2017-05-18 20:19:20,134726641,0.00050392,0.00011996,1288234,buy
0,5.22000000,0.0026303058,2017-05-18 20:19:30,134726744,0.00050389,0.00263030,1288236,buy
0,134.99000000,0.06722502,2017-05-18 20:19:35,134726832,0.00049800,0.06722502,1288237,sell
0,370.61817139,0.186761908927,2017-05-18 20:20:17,134727353,0.00050392,0.18676190,1288239,buy
1,44.71409442,0.0225309850373,2017-05-18 20:20:17,134727352,0.00050389,0.02253098,1288238,buy
0,68.67288458,0.0346056399976,2017-05-18 20:20:22,134727389,0.00050392,0.03460563,1288240,buy
0,39.67368358,0.0199923626296,2017-05-18 20:20:50,134727629,0.00050392,0.01999236,1288241,buy
0,2.05001409,0.00103304310023,2017-05-18 20:21:52,134727981,0.00050392,0.00103304,1288244,buy
1,22.95305802,0.0115453881841,2017-05-18 20:21:52,134727980,0.00050300,0.01154538,1288243,buy
2,1.98444198,0.00099817431594,2017-05-18 20:21:47,134727937,0.00050300,0.00099817,1288242,buy
0,10.43884265,0.00525073785295,2017-05-18 20:22:30,134728397,0.00050300,0.00525073,1288247,sell
1,18.17898450,0.00916075386924,2017-05-18 20:22:26,134728370,0.00050392,0.00916075,1288246,buy
2,1.66543524,0.000839229471788,2017-05-18 20:22:26,134728369,0.00050391,0.00083922,1288245,buy
0,60.00000000,0.0302352,2017-05-18 20:22:42,134728487,0.00050392,0.03023520,1288249,buy
1,0.87651641,0.000436540232836,2017-05-18 20:22:42,134728479,0.00049804,0.00043654,1288248,sell
0,22.00021809,0.0109781088269,2017-05-18 20:23:01,134728721,0.00049900,0.01097810,1288253,sell
1,1345.60560638,0.678077577167,2017-05-18 20:22:59,134728703,0.00050392,0.67807757,1288252,buy
2,56.85182763,0.028648204461,2017-05-18 20:22:59,134728702,0.00050391,0.02864820,1288251,buy
3,22.00021800,0.0110729297216,2017-05-18 20:22:59,134728701,0.00050331,0.01107292,1288250,buy
0,3.03982775,0.00153182999978,2017-05-18 20:23:06,134728759,0.00050392,0.00153182,1288255,buy
1,49.61104937,0.0249999999985,2017-05-18 20:23:04,134728739,0.00050392,0.02499999,1288254,buy
0,19.84441975,0.009922209875,2017-05-18 20:23:14,134728823,0.00050000,0.00992220,1288256,buy
0,19.84441975,0.009922209875,2017-05-18 20:23:23,134728882,0.00050000,0.00992220,1288257,buy
0,19.84441975,0.00990236545525,2017-05-18 20:23:29,134728930,0.00049900,0.00990236,1288259,buy
1,18.07994223,0.00902189117277,2017-05-18 20:23:28,134728919,0.00049900,0.00902189,1288258,sell
0,8.98999822,0.00448600911178,2017-05-18 20:23:50,134729147,0.00049900,0.00448600,1288260,buy
0,698.77021754,0.348686338552,2017-05-18 20:24:12,134729546,0.00049900,0.34868633,1288261,buy
0,10.31116050,0.00515558025,2017-05-18 20:24:20,134729625,0.00050000,0.00515558,1288262,buy
0,127.70635433,0.0635977644563,2017-05-18 20:24:30,134729805,0.00049800,0.06359776,1288265,sell
1,1032.37848638,0.514134810002,2017-05-18 20:24:30,134729804,0.00049801,0.51413481,1288264,sell
2,139.67444336,0.069563459771,2017-05-18 20:24:30,134729803,0.00049804,0.06956345,1288263,sell
0,0.20874336,0.000104999997514,2017-05-18 20:25:12,134730282,0.00050301,0.00010499,1288266,buy
0,685.17124405,0.341215279537,2017-05-18 20:26:14,134731201,0.00049800,0.34121527,1288269,sell
1,22.23711801,0.0111063285901,2017-05-18 20:26:14,134731200,0.00049945,0.01110632,1288268,sell
2,43.76300045,0.0218723099949,2017-05-18 20:26:14,134731199,0.00049979,0.02187230,1288267,sell
0,40.16014257,0.0199997509999,2017-05-18 20:26:29,134731422,0.00049800,0.01999975,1288272,buy
1,20.08032128,0.00999999999744,2017-05-18 20:26:28,134731415,0.00049800,0.00999999,1288271,sell
2,4588.93856628,2.28529140601,2017-05-18 20:26:28,134731414,0.00049800,2.28529140,1288270,sell
0,0.00000023,1.1454e-10,2017-05-18 20:26:35,134731505,0.00049800,0.00000000,1288274,buy
1,372.84665800,0.185677635684,2017-05-18 20:26:33,134731488,0.00049800,0.18567763,1288273,buy
0,590.00238642,0.292346182471,2017-05-18 20:27:06,134731988,0.00049550,0.29234618,1288283,sell
1,2759.13155839,1.3671772785,2017-05-18 20:27:06,134731987,0.00049551,1.36717727,1288282,sell
2,10.20000000,0.0050694,2017-05-18 20:27:06,134731986,0.00049700,0.00506940,1288281,sell
3,1928.90008144,0.958663340476,2017-05-18 20:27:06,134731985,0.00049700,0.95866334,1288280,sell
4,56.40833744,0.0280355077911,2017-05-18 20:27:06,134731984,0.00049701,0.02803550,1288279,sell
5,10.51670033,0.00522701039802,2017-05-18 20:27:06,134731983,0.00049702,0.00522701,1288278,sell
6,1.00401606,0.00049999999788,2017-05-18 20:27:06,134731982,0.00049800,0.00049999,1288277,sell
7,1.00401606,0.00049999999788,2017-05-18 20:27:06,134731981,0.00049800,0.00049999,1288276,sell
8,1.50602386,0.00074999988228,2017-05-18 20:27:06,134731980,0.00049800,0.00074999,1288275,sell
0,24.26485692,0.0121591198026,2017-05-18 20:27:07,134731996,0.00050110,0.01215911,1288284,buy
0,10.00000000,0.005011,2017-05-18 20:27:33,134732447,0.00050110,0.00501100,1288289,sell
1,1.49105367,0.00074999999601,2017-05-18 20:27:31,134732423,0.00050300,0.00074999,1288288,buy
2,1.49105367,0.00074999999601,2017-05-18 20:27:30,134732404,0.00050300,0.00074999,1288287,buy
3,1.80760559,0.000905791161149,2017-05-18 20:27:30,134732369,0.00050110,0.00090579,1288286,sell
4,4.84032402,0.00243468298206,2017-05-18 20:27:29,134732360,0.00050300,0.00243468,1288285,buy
0,849.67974380,0.427388911131,2017-05-18 20:27:54,134732721,0.00050300,0.42738891,1288292,buy
1,56.35192911,0.028344456823,2017-05-18 20:27:52,134732704,0.00050299,0.02834445,1288291,buy
2,116.23552958,0.0584653090234,2017-05-18 20:27:52,134732703,0.00050299,0.05846530,1288290,buy
0,1096.06238569,0.551319380002,2017-05-18 20:28:06,134732904,0.00050300,0.55131938,1288293,buy
0,20.00000000,0.01006,2017-05-18 20:28:19,134733053,0.00050300,0.01006000,1288294,buy
0,84.04899545,0.04211695162,2017-05-18 20:28:30,134733187,0.00050110,0.04211695,1288295,sell
0,0.99780482,0.000499990017254,2017-05-18 20:28:35,134733234,0.00050109,0.00049999,1288301,buy
1,0.99780482,0.000499999995302,2017-05-18 20:28:33,134733217,0.00050110,0.00049999,1288300,sell
2,1.49670724,0.000749999997964,2017-05-18 20:28:33,134733216,0.00050110,0.00074999,1288299,sell
3,1.49670724,0.000749999997964,2017-05-18 20:28:33,134733215,0.00050110,0.00074999,1288298,sell
4,1.49670724,0.000749999997964,2017-05-18 20:28:33,134733214,0.00050110,0.00074999,1288297,sell
5,478.56143966,0.239807137414,2017-05-18 20:28:33,134733213,0.00050110,0.23980713,1288296,sell
0,0.99782474,0.000499999998967,2017-05-18 20:29:09,134733622,0.00050109,0.00049999,1288303,buy
1,352.21900000,0.17649341871,2017-05-18 20:29:08,134733617,0.00050109,0.17649341,1288302,buy
0,0.99782474,0.000499999998967,2017-05-18 20:29:11,134733633,0.00050109,0.00049999,1288304,buy
0,7.10000000,0.003542545,2017-05-18 20:29:19,134733725,0.00049895,0.00354254,1288306,sell
1,0.99782474,0.000499999998967,2017-05-18 20:29:17,134733694,0.00050109,0.00049999,1288305,buy
0,600.00000000,0.300654,2017-05-18 20:29:24,134733775,0.00050109,0.30065400,1288307,buy
0,2521.06231010,1.26806913136,2017-05-18 20:29:58,134734192,0.00050299,1.26806913,1288310,buy
1,1.01098430,0.000508504883214,2017-05-18 20:29:58,134734191,0.00050298,0.00050850,1288309,buy
2,1469.14602310,0.736189072175,2017-05-18 20:29:58,134734190,0.00050110,0.73618907,1288308,buy
0,13.80559071,0.00694393601532,2017-05-18 20:30:34,134734588,0.00050298,0.00694393,1288312,sell
1,6.07591551,0.00305606398322,2017-05-18 20:30:33,134734585,0.00050298,0.00305606,1288311,sell
0,1.00210441,0.00049999999537,2017-05-18 20:30:52,134734743,0.00049895,0.00049999,1288318,sell
1,13.00467983,0.00648868500118,2017-05-18 20:30:52,134734742,0.00049895,0.00648868,1288317,sell
2,2.00116067,0.000999999998406,2017-05-18 20:30:52,134734741,0.00049971,0.00099999,1288316,sell
3,0.99782474,0.000499999998967,2017-05-18 20:30:52,134734740,0.00050109,0.00049999,1288315,sell
4,50.00000000,0.025055,2017-05-18 20:30:52,134734739,0.00050110,0.02505500,1288314,sell
5,298.63260826,0.149644799999,2017-05-18 20:30:52,134734738,0.00050110,0.14964479,1288313,sell
0,4466.49031398,2.21314595058,2017-05-18 20:31:05,134734874,0.00049550,2.21314595,1288326,sell
1,2759.13155839,1.3671772785,2017-05-18 20:31:05,134734873,0.00049551,1.36717727,1288325,sell
2,6.04789936,0.00299999999853,2017-05-18 20:31:05,134734872,0.00049604,0.00299999,1288324,sell
3,21.77072144,0.0108063330012,2017-05-18 20:31:05,134734871,0.00049637,0.01080633,1288323,sell
4,5.03058596,0.00249999999868,2017-05-18 20:31:05,134734870,0.00049696,0.00249999,1288322,sell
5,4.01703222,0.00200000000169,2017-05-18 20:31:05,134734869,0.00049788,0.00200000,1288321,sell
6,734.50461104,0.365746571067,2017-05-18 20:31:05,134734868,0.00049795,0.36574657,1288320,sell
7,3.00727761,0.00149999999909,2017-05-18 20:31:05,134734867,0.00049879,0.00149999,1288319,sell
0,58.82927977,0.029149908126,2017-05-18 20:31:06,134734889,0.00049550,0.02914990,1288327,sell
0,197.33392123,0.0984597599977,2017-05-18 20:31:09,134735023,0.00049895,0.09845975,1288328,buy
0,3.00174101,0.00149723839838,2017-05-18 20:31:31,134735225,0.00049879,0.00149723,1288331,buy
1,4.50856628,0.0022488277748,2017-05-18 20:31:28,134735203,0.00049879,0.00224882,1288330,buy
2,1.00210441,0.000499839658664,2017-05-18 20:31:27,134735196,0.00049879,0.00049983,1288329,buy
0,3.50000000,0.001745765,2017-05-18 20:31:41,134735357,0.00049879,0.00174576,1288332,buy
0,360.87331341,0.179999999996,2017-05-18 20:31:45,134735401,0.00049879,0.17999999,1288333,buy
0,475.83927491,0.237343871932,2017-05-18 20:31:55,134735546,0.00049879,0.23734387,1288334,buy
0,516.41313050,0.257664331463,2017-05-18 20:32:05,134735679,0.00049895,0.25766433,1288335,buy
0,44.09259444,0.0219999999958,2017-05-18 20:32:18,134735819,0.00049895,0.02199999,1288337,buy
1,78.44572908,0.0391279452078,2017-05-18 20:32:16,134735797,0.00049879,0.03912794,1288336,sell
0,2.20462973,0.00110000000378,2017-05-18 20:32:35,134735999,0.00049895,0.00110000,1288338,buy
0,238.97317635,0.11923566634,2017-05-18 20:32:50,134736193,0.00049895,0.11923566,1288339,buy
0,21.47175964,0.0107133344724,2017-05-18 20:33:05,134736341,0.00049895,0.01071333,1288341,sell
1,422.41574037,0.210764333658,2017-05-18 20:33:05,134736340,0.00049895,0.21076433,1288340,sell
0,0.37941139,0.000189060695637,2017-05-18 20:33:25,134736596,0.00049830,0.00018906,1288344,sell
1,6.01926164,0.00300000000138,2017-05-18 20:33:25,134736595,0.00049840,0.00300000,1288343,sell
2,28.90190506,0.0144206055297,2017-05-18 20:33:25,134736594,0.00049895,0.01442060,1288342,sell
0,493.84619539,0.246883589999,2017-05-18 20:33:36,134736704,0.00049992,0.24688358,1288345,buy
0,108.63158328,0.05431579164,2017-05-18 20:33:39,134736763,0.00050000,0.05431579,1288347,buy
1,925.16563341,0.462508803454,2017-05-18 20:33:39,134736762,0.00049992,0.46250880,1288346,buy
0,54.77863173,0.0273317983017,2017-05-18 20:33:50,134736887,0.00049895,0.02733179,1288348,buy
0,0.22046298,0.000110000003871,2017-05-18 20:33:58,134736972,0.00049895,0.00011000,1288349,buy
0,1.00210441,0.00049999999537,2017-05-18 20:34:14,134737224,0.00049895,0.00049999,1288350,buy
0,226.56250000,0.113043359375,2017-05-18 20:34:44,134737727,0.00049895,0.11304335,1288351,buy
0,754.00516023,0.373609556894,2017-05-18 20:35:02,134738076,0.00049550,0.37360955,1288357,sell
1,209.29142249,0.104026208634,2017-05-18 20:35:02,134738075,0.00049704,0.10402620,1288356,sell
2,9.05268664,0.00450000000188,2017-05-18 20:35:02,134738074,0.00049709,0.00450000,1288355,sell
3,20.11667672,0.00999999999751,2017-05-18 20:35:02,134738073,0.00049710,0.00999999,1288354,sell
4,7.53405392,0.00374999999814,2017-05-18 20:35:02,134738072,0.00049774,0.00374999,1288353,sell
5,280.04480716,0.139728356532,2017-05-18 20:35:00,134738057,0.00049895,0.13972835,1288352,buy
0,176.27900000,0.0873462445,2017-05-18 20:35:08,134738141,0.00049550,0.08734624,1288358,sell
0,10.02104420,0.00498787454011,2017-05-18 20:35:17,134738318,0.00049774,0.00498787,1288362,buy
1,269.27171897,0.133343355234,2017-05-18 20:35:16,134738310,0.00049520,0.13334335,1288361,sell
2,49.21914432,0.0243777499903,2017-05-18 20:35:16,134738309,0.00049529,0.02437774,1288360,sell
3,0.00013671,6.7739805e-08,2017-05-18 20:35:16,134738308,0.00049550,0.00000006,1288359,sell
0,20.09081046,0.00999999999836,2017-05-18 20:35:28,134738481,0.00049774,0.00999999,1288363,buy
0,347.43825621,0.172051424475,2017-05-18 20:35:33,134738574,0.00049520,0.17205142,1288364,sell
0,2647.62229798,1.31110256196,2017-05-18 20:35:42,134738698,0.00049520,1.31110256,1288365,sell
0,8.51726357,0.00422413686754,2017-05-18 20:35:51,134738854,0.00049595,0.00422413,1288367,buy
1,10.23615419,0.00507662067053,2017-05-18 20:35:49,134738829,0.00049595,0.00507662,1288366,buy
0,6.80354992,0.00336911792038,2017-05-18 20:35:56,134739082,0.00049520,0.00336911,1288368,buy
0,3.39149234,0.00167946700677,2017-05-18 20:36:01,134739204,0.00049520,0.00167946,1288371,buy
1,5.09488773,0.0025229884039,2017-05-18 20:35:58,134739120,0.00049520,0.00252298,1288370,buy
2,34.58700000,0.0171274824,2017-05-18 20:35:58,134739107,0.00049520,0.01712748,1288369,buy
0,6.05815831,0.00299999999511,2017-05-18 20:36:07,134739278,0.00049520,0.00299999,1288374,buy
1,12.55621859,0.00621783944577,2017-05-18 20:36:05,134739263,0.00049520,0.00621783,1288373,buy
2,60.04803843,0.0297357886305,2017-05-18 20:36:05,134739259,0.00049520,0.02973578,1288372,buy
0,56.45459227,0.0279563140921,2017-05-18 20:36:20,134739503,0.00049520,0.02795631,1288375,buy
0,3.49125000,0.0017285877,2017-05-18 20:36:24,134739574,0.00049512,0.00172858,1288376,sell
0,1316.42260822,0.651892475591,2017-05-18 20:36:33,134739726,0.00049520,0.65189247,1288377,buy
0,34.17322415,0.0167448798335,2017-05-18 20:36:43,134739922,0.00049000,0.01674487,1288430,sell
1,2.24678337,0.0011009238513,2017-05-18 20:36:43,134739921,0.00049000,0.00110092,1288429,sell
2,3.18334414,0.0015598386286,2017-05-18 20:36:43,134739920,0.00049000,0.00155983,1288428,sell
3,4.02799961,0.0019737198089,2017-05-18 20:36:43,134739919,0.00049000,0.00197371,1288427,sell
4,2.45696296,0.0012039118504,2017-05-18 20:36:43,134739918,0.00049000,0.00120391,1288426,sell
5,2.70924966,0.0013275323334,2017-05-18 20:36:43,134739917,0.00049000,0.00132753,1288425,sell
6,0.40816326,0.0001999999974,2017-05-18 20:36:43,134739916,0.00049000,0.00019999,1288424,sell
7,6.65656409,0.0032617164041,2017-05-18 20:36:43,134739915,0.00049000,0.00326171,1288423,sell
8,2.34924805,0.0011511315445,2017-05-18 20:36:43,134739914,0.00049000,0.00115113,1288422,sell
9,2.73968995,0.0013424480755,2017-05-18 20:36:43,134739913,0.00049000,0.00134244,1288421,sell
10,2.00963490,0.000984721101,2017-05-18 20:36:43,134739912,0.00049000,0.00098472,1288420,sell
11,5.00000000,0.00245,2017-05-18 20:36:43,134739911,0.00049000,0.00245000,1288419,sell
12,40.81682653,0.0200002449997,2017-05-18 20:36:43,134739910,0.00049000,0.02000024,1288418,sell
13,40.81682653,0.0200002449997,2017-05-18 20:36:43,134739909,0.00049000,0.02000024,1288417,sell
14,564.15236024,0.276434656518,2017-05-18 20:36:43,134739908,0.00049000,0.27643465,1288416,sell
15,6.12232403,0.00299999999794,2017-05-18 20:36:42,134739907,0.00049001,0.00299999,1288415,sell
16,2790.04383188,1.3671772785,2017-05-18 20:36:42,134739906,0.00049002,1.36717727,1288414,sell
17,76.35327827,0.0374398299997,2017-05-18 20:36:42,134739905,0.00049035,0.03743982,1288413,sell
18,106.29217100,0.0521618199965,2017-05-18 20:36:42,134739904,0.00049074,0.05216181,1288412,sell
19,22.23711819,0.0109135328653,2017-05-18 20:36:42,134739903,0.00049078,0.01091353,1288411,sell
20,13.55752230,0.00665592999796,2017-05-18 20:36:42,134739902,0.00049094,0.00665592,1288410,sell
21,53.69110672,0.0263768299983,2017-05-18 20:36:42,134739901,0.00049127,0.02637682,1288409,sell
22,5.69088292,0.00279706895518,2017-05-18 20:36:42,134739900,0.00049150,0.00279706,1288408,sell
23,16.27670396,0.00799999999634,2017-05-18 20:36:42,134739899,0.00049150,0.00799999,1288407,sell
24,9.00545148,0.00442717000208,2017-05-18 20:36:42,134739898,0.00049161,0.00442717,1288406,sell
25,9.00545184,0.00442717017906,2017-05-18 20:36:42,134739897,0.00049161,0.00442717,1288405,sell
26,43.54144287,0.0214067149726,2017-05-18 20:36:42,134739896,0.00049164,0.02140671,1288404,sell
27,0.47485613,0.00023351999905,2017-05-18 20:36:42,134739895,0.00049177,0.00023351,1288403,sell
28,65.08925160,0.0320226100022,2017-05-18 20:36:42,134739894,0.00049198,0.03202261,1288402,sell
29,78.27600569,0.0385274500006,2017-05-18 20:36:42,134739893,0.00049220,0.03852745,1288401,sell
30,2.15060339,0.00105857000063,2017-05-18 20:36:42,134739892,0.00049222,0.00105857,1288400,sell
31,0.46013529,0.000226520001914,2017-05-18 20:36:42,134739891,0.00049229,0.00022652,1288399,sell
32,1537.11325761,0.756843825782,2017-05-18 20:36:42,134739890,0.00049238,0.75684382,1288398,sell
33,19.18370866,0.00945564999851,2017-05-18 20:36:42,134739889,0.00049290,0.00945564,1288397,sell
34,22.00000000,0.0108438,2017-05-18 20:36:42,134739888,0.00049290,0.01084380,1288396,sell
35,9.07489815,0.00447583051656,2017-05-18 20:36:42,134739887,0.00049321,0.00447583,1288395,sell
36,405.39170974,0.2,2017-05-18 20:36:42,134739886,0.00049335,0.20000000,1288394,sell
37,22.23751819,0.0109777732297,2017-05-18 20:36:42,134739885,0.00049366,0.01097777,1288393,sell
38,2.16606601,0.00106982000234,2017-05-18 20:36:42,134739884,0.00049390,0.00106982,1288392,sell
39,2.06372599,0.0010194600018,2017-05-18 20:36:42,134739883,0.00049399,0.00101946,1288391,sell
40,4.76503451,0.00235406999898,2017-05-18 20:36:42,134739882,0.00049403,0.00235406,1288390,sell
41,22.23751801,0.0109875576487,2017-05-18 20:36:42,134739881,0.00049410,0.01098755,1288389,sell
42,10.59098974,0.00523311394043,2017-05-18 20:36:42,134739880,0.00049411,0.00523311,1288388,sell
43,17.33715057,0.00857304758536,2017-05-18 20:36:42,134739879,0.00049449,0.00857304,1288387,sell
44,0.20544399,0.000101589998615,2017-05-18 20:36:42,134739878,0.00049449,0.00010158,1288386,sell
45,851.32654434,0.420972462911,2017-05-18 20:36:42,134739877,0.00049449,0.42097246,1288385,sell
46,2.39565892,0.00118465333594,2017-05-18 20:36:42,134739876,0.00049450,0.00118465,1288384,sell
47,16.67165929,0.00824797000054,2017-05-18 20:36:42,134739875,0.00049473,0.00824797,1288383,sell
48,1.49947447,0.000741849999288,2017-05-18 20:36:42,134739874,0.00049474,0.00074184,1288382,sell
49,20.54921180,0.0101677499986,2017-05-18 20:36:42,134739873,0.00049480,0.01016774,1288381,sell
50,2.78274489,0.00137692999902,2017-05-18 20:36:42,134739872,0.00049481,0.00137692,1288380,sell
51,2.46440623,0.00121960999916,2017-05-18 20:36:42,134739871,0.00049489,0.00121960,1288379,sell
52,68.52844220,0.0339298023021,2017-05-18 20:36:42,134739870,0.00049512,0.03392980,1288378,sell
0,95.87921018,0.0469808129882,2017-05-18 20:36:45,134739948,0.00049000,0.04698081,1288439,sell
1,10.00000000,0.0049,2017-05-18 20:36:45,134739947,0.00049000,0.00490000,1288438,sell
2,16.12707952,0.0079022689648,2017-05-18 20:36:45,134739946,0.00049000,0.00790226,1288437,sell
3,2.64036363,0.0012937781787,2017-05-18 20:36:45,134739945,0.00049000,0.00129377,1288436,sell
4,4.86533997,0.0023840165853,2017-05-18 20:36:45,134739944,0.00049000,0.00238401,1288435,sell
5,1.92282053,0.0009421820597,2017-05-18 20:36:45,134739943,0.00049000,0.00094218,1288434,sell
6,49.16757659,0.0240921125291,2017-05-18 20:36:45,134739942,0.00049000,0.02409211,1288433,sell
7,2.97083373,0.0014557085277,2017-05-18 20:36:45,134739941,0.00049000,0.00145570,1288432,sell
8,215.82677585,0.105755120166,2017-05-18 20:36:45,134739940,0.00049000,0.10575512,1288431,sell
0,33.59401028,0.0164610650372,2017-05-18 20:36:59,134740139,0.00049000,0.01646106,1288444,buy
1,33.20006020,0.016268029498,2017-05-18 20:36:56,134740090,0.00049000,0.01626802,1288443,sell
2,300.00000000,0.147,2017-05-18 20:36:56,134740089,0.00049000,0.14700000,1288442,sell
3,1161.43507554,0.569103187015,2017-05-18 20:36:56,134740088,0.00049000,0.56910318,1288441,sell
4,10.67643967,0.0052315622027,2017-05-18 20:36:56,134740087,0.00049001,0.00523156,1288440,sell
0,5.94095902,0.0029110699198,2017-05-18 20:37:05,134740233,0.00049000,0.00291106,1288445,buy
0,7.60000000,0.003724,2017-05-18 20:37:08,134740257,0.00049000,0.00372400,1288450,buy
1,8.12930548,0.0039833596852,2017-05-18 20:37:07,134740251,0.00049000,0.00398335,1288449,buy
2,1064.19530870,0.521317355873,2017-05-18 20:37:07,134740249,0.00048987,0.52131735,1288448,sell
3,120.81590801,0.0591852970159,2017-05-18 20:37:07,134740248,0.00048988,0.05918529,1288447,sell
4,3.86209700,0.00189196407836,2017-05-18 20:37:07,134740247,0.00048988,0.00189196,1288446,sell
0,144.42000000,0.0707658,2017-05-18 20:37:16,134740404,0.00049000,0.07076580,1288451,buy
0,0.55321082,0.0002710733018,2017-05-18 20:37:19,134740439,0.00049000,0.00027107,1288452,buy
0,117.86801577,0.0577411835654,2017-05-18 20:37:27,134740552,0.00048988,0.05774118,1288457,sell
1,57.35585296,0.028097485248,2017-05-18 20:37:27,134740551,0.00048988,0.02809748,1288456,sell
2,120.95754021,0.0592546797981,2017-05-18 20:37:27,134740550,0.00048988,0.05925467,1288455,sell
3,134.77261440,0.066038581056,2017-05-18 20:37:24,134740498,0.00049000,0.06603858,1288454,buy
4,0.26921872,0.0001319171728,2017-05-18 20:37:23,134740478,0.00049000,0.00013191,1288453,buy
0,1917.04907023,0.939123998524,2017-05-18 20:37:32,134740668,0.00048988,0.93912399,1288458,buy
0,92.80199423,0.0454618409334,2017-05-18 20:37:37,134740743,0.00048988,0.04546184,1288462,sell
1,79.47900577,0.0389351753466,2017-05-18 20:37:36,134740733,0.00048988,0.03893517,1288461,sell
2,220.52099423,0.108031029863,2017-05-18 20:37:36,134740732,0.00048989,0.10803102,1288460,sell
3,22.00091809,0.0107780297631,2017-05-18 20:37:34,134740711,0.00048989,0.01077802,1288459,sell
0,101.27894082,0.0496145275289,2017-05-18 20:37:44,134740989,0.00048988,0.04961452,1288463,buy
0,22.00091800,0.0106440441284,2017-05-18 20:37:59,134741275,0.00048380,0.01064404,1288509,buy
1,0.21663877,0.000106064175404,2017-05-18 20:37:58,134741263,0.00048959,0.00010606,1288508,sell
2,4909.87454987,2.37205859253,2017-05-18 20:37:58,134741253,0.00048312,2.37205859,1288507,sell
3,30.46394803,0.0147241400013,2017-05-18 20:37:58,134741252,0.00048333,0.01472414,1288506,sell
4,15652.63221030,7.56710851575,2017-05-18 20:37:58,134741251,0.00048344,7.56710851,1288505,sell
5,2827.96003413,1.3671772785,2017-05-18 20:37:58,134741250,0.00048345,1.36717727,1288504,sell
6,2.22602740,0.00107626198763,2017-05-18 20:37:58,134741249,0.00048349,0.00107626,1288503,sell
7,2.87183623,0.00138882000083,2017-05-18 20:37:58,134741248,0.00048360,0.00138882,1288502,sell
8,165.37809567,0.0799999999994,2017-05-18 20:37:58,134741247,0.00048374,0.07999999,1288501,sell
9,466.49701300,0.225784554292,2017-05-18 20:37:58,134741246,0.00048400,0.22578455,1288500,sell
10,361.92254700,0.175170512748,2017-05-18 20:37:58,134741245,0.00048400,0.17517051,1288499,sell
11,125.20995434,0.0606028700001,2017-05-18 20:37:58,134741244,0.00048401,0.06060287,1288498,sell
12,26.91929187,0.0130313600013,2017-05-18 20:37:58,134741243,0.00048409,0.01303136,1288497,sell
