,amount,amountBTC,date,globalTradeID,rate,total,tradeID,type
0,0.46260285,0.0229021301813,2017-05-18 15:46:42,134574623,0.04950711,0.02290213,24686580,buy
1,9.1642215,0.453660489172,2017-05-18 15:46:42,134574622,0.04950344,0.45366048,24686579,buy
2,0.20360154,0.0100789745833,2017-05-18 15:46:42,134574621,0.04950343,0.01007897,24686578,buy
3,8.545e-05,4.229775e-06,2017-05-18 15:46:38,134574595,0.0495,4.22e-06,24686577,sell
4,3.966,0.19633064304,2017-05-18 15:46:35,134574575,0.04950344,0.19633064,24686576,buy
5,2.3451189,0.116091452759,2017-05-18 15:46:34,134574567,0.04950344,0.11609145,24686575,buy
6,8e-07,3.9600024e-08,2017-05-18 15:46:33,134574565,0.04950003,3e-08,24686574,sell
7,1.61e-06,7.96950483e-08,2017-05-18 15:46:31,134574561,0.04950003,7e-08,24686573,sell
8,0.00261145,0.000129275758388,2017-05-18 15:46:31,134574553,0.04950344,0.00012927,24686572,buy
9,0.0263,0.001301940472,2017-05-18 15:46:30,134574549,0.04950344,0.00130194,24686571,sell
10,3.0178706,0.149399684053,2017-05-18 15:46:30,134574548,0.049505,0.14939968,24686570,sell
11,0.4110677,0.0203507738413,2017-05-18 15:46:30,134574547,0.04950711,0.02035077,24686569,sell
12,1.00989699,0.0499999999749,2017-05-18 15:46:30,134574546,0.04951,0.04999999,24686568,sell
13,0.0562537,0.0027857197889,2017-05-18 15:46:30,134574545,0.04952065,0.00278571,24686567,sell
14,0.95808,0.0475590912,2017-05-18 15:46:11,134574384,0.04964,0.04755909,24686566,sell
15,131.26711886,6.51609978021,2017-05-18 15:46:11,134574383,0.04964,6.51609978,24686565,sell
16,0.96886254,0.0480943364856,2017-05-18 15:46:11,134574376,0.04964,0.04809433,24686564,sell
17,1.36197925,0.06760864997,2017-05-18 15:46:09,134574359,0.04964,0.06760864,24686563,sell
18,1.0,0.04964,2017-05-18 15:46:09,134574356,0.04964,0.04964,24686562,sell
19,294.80912578,14.6343250037,2017-05-18 15:46:08,134574349,0.04964,14.634325,24686561,sell
20,2.02909607,0.100724328915,2017-05-18 15:46:06,134574339,0.04964,0.10072432,24686560,sell
21,15.00363573,0.744780477637,2017-05-18 15:46:03,134574319,0.04964,0.74478047,24686559,sell
22,10.0,0.4964,2017-05-18 15:45:55,134574250,0.04964,0.4964,24686558,sell
23,0.04749945,0.002357872698,2017-05-18 15:45:54,134574246,0.04964,0.00235787,24686557,sell
24,22.55268224,1.11903702953,2017-05-18 15:45:54,134574243,0.0496188,1.11903702,24686556,buy
25,1.93960262,0.0960297257162,2017-05-18 15:45:48,134574167,0.04951,0.09602972,24686555,buy
26,130.312334,6.45176365634,2017-05-18 15:45:46,134574143,0.04951,6.45176365,24686554,buy
27,3.62650224,0.17951186088,2017-05-18 15:45:45,134574141,0.0495,0.17951186,24686553,sell
28,0.0277,0.001371245288,2017-05-18 15:45:45,134574140,0.04950344,0.00137124,24686552,sell
29,0.0291,0.001440550104,2017-05-18 15:45:45,134574139,0.04950344,0.00144055,24686551,sell
30,0.0306,0.001514805264,2017-05-18 15:45:45,134574138,0.04950344,0.0015148,24686550,sell
31,0.0322,0.001594010768,2017-05-18 15:45:45,134574137,0.04950344,0.00159401,24686549,sell
32,0.0339,0.001678166616,2017-05-18 15:45:45,134574136,0.04950344,0.00167816,24686548,sell
33,0.03554971,0.001759832936,2017-05-18 15:45:45,134574135,0.04950344,0.00175983,24686547,sell
34,1.25390005,0.0620805914755,2017-05-18 15:45:44,134574129,0.04951,0.06208059,24686546,buy
35,1.85941164,0.0920594702964,2017-05-18 15:45:41,134574102,0.04951,0.09205947,24686545,sell
36,93.07757678,4.62119557869,2017-05-18 15:45:41,134574100,0.04964886,4.62119557,24686544,buy
37,6.14717629,0.304899943984,2017-05-18 15:45:41,134574099,0.0496,0.30489994,24686543,buy
38,0.77524693,0.0384134853815,2017-05-18 15:45:41,134574098,0.04955,0.03841348,24686542,buy
39,0.3,0.014853,2017-05-18 15:45:38,134574073,0.04951,0.014853,24686541,sell
40,1.014133,0.05025029015,2017-05-18 15:45:38,134574072,0.04955,0.05025029,24686540,buy
41,1.0141333,0.050209739683,2017-05-18 15:45:33,134574034,0.04951,0.05020973,24686539,buy
42,0.03,0.0014853,2017-05-18 15:45:29,134573992,0.04951,0.0014853,24686538,buy
43,0.6960889,0.034463361439,2017-05-18 15:45:29,134573990,0.04951,0.03446336,24686537,buy
44,0.17813535,0.0088194811785,2017-05-18 15:45:27,134573969,0.04951,0.00881948,24686536,sell
45,0.88164245,0.0436853833975,2017-05-18 15:45:27,134573968,0.04955,0.04368538,24686535,sell
46,0.13549788,0.006713919954,2017-05-18 15:45:17,134573888,0.04955,0.00671391,24686534,sell
47,1.00102314,0.049600696587,2017-05-18 15:44:51,134573547,0.04955,0.04960069,24686533,sell
48,8.866e-05,4.3895566e-06,2017-05-18 15:44:45,134573507,0.04951,4.38e-06,24686532,sell
49,0.05863502,0.0029030198402,2017-05-18 15:44:42,134573482,0.04951,0.00290301,24686531,sell
50,1.02335629,0.0506663699179,2017-05-18 15:44:40,134573450,0.04951,0.05066636,24686530,sell
51,68.46462807,3.397119679,2017-05-18 15:44:37,134573425,0.04961861,3.39711967,24686529,buy
52,2.42852174,0.120333252217,2017-05-18 15:44:37,134573424,0.04955,0.12033325,24686528,buy
53,0.6071304,0.03008331132,2017-05-18 15:44:36,134573419,0.04955,0.03008331,24686527,buy
54,0.40529791,0.0200662995241,2017-05-18 15:44:33,134573393,0.04951,0.02006629,24686526,sell
55,7.67824581,0.380149950053,2017-05-18 15:44:28,134573358,0.04951,0.38014995,24686525,sell
56,1.92904363,0.0955069501213,2017-05-18 15:44:28,134573357,0.04951,0.09550695,24686524,sell
57,0.49984619,0.0247523883273,2017-05-18 15:44:28,134573356,0.04952001,0.02475238,24686523,sell
58,0.005,0.00024760005,2017-05-18 15:44:26,134573345,0.04952001,0.0002476,24686522,sell
59,2.3e-07,1.13896e-08,2017-05-18 15:44:26,134573342,0.04952,1e-08,24686521,buy
60,163.853519,8.11402626088,2017-05-18 15:44:22,134573298,0.04952,8.11402626,24686520,buy
61,0.3982,0.019718864,2017-05-18 15:44:18,134573281,0.04952,0.01971886,24686519,buy
62,1.7895711,0.088619560872,2017-05-18 15:44:09,134573214,0.04952,0.08861956,24686518,buy
63,0.07095637,0.0035130498787,2017-05-18 15:44:08,134573208,0.04951,0.00351304,24686517,sell
64,2.0193857,0.100000000058,2017-05-18 15:44:06,134573191,0.04952001,0.1,24686516,sell
65,0.03,0.0014858994,2017-05-18 15:44:06,134573190,0.04952998,0.00148589,24686515,sell
66,0.40379584,0.0199999998793,2017-05-18 15:44:06,134573189,0.04952998,0.01999999,24686514,sell
67,5.39067449,0.266999999676,2017-05-18 15:44:06,134573188,0.04952998,0.26699999,24686513,sell
68,37.48690833,1.85672581985,2017-05-18 15:44:06,134573187,0.04952998,1.85672581,24686512,sell
69,15.72874876,0.779044611508,2017-05-18 15:44:06,134573186,0.04952998,0.77904461,24686511,sell
70,30.0,1.4858997,2017-05-18 15:44:06,134573185,0.04952999,1.4858997,24686510,sell
71,0.478848,0.02371734144,2017-05-18 15:44:06,134573184,0.04953,0.02371734,24686509,sell
72,61.30752723,3.0365618237,2017-05-18 15:44:06,134573183,0.04953,3.03656182,24686508,sell
73,7.67272132,0.380029963707,2017-05-18 15:44:06,134573182,0.04953001,0.38002996,24686507,sell
74,25.0,1.23875,2017-05-18 15:44:06,134573181,0.04955,1.23875,24686506,sell
75,1.34997034,0.0669837328102,2017-05-18 15:44:05,134573180,0.04961867,0.06698373,24686505,buy
76,0.82474245,0.0408904502586,2017-05-18 15:44:05,134573179,0.04957966,0.04089045,24686504,buy
77,3.21909113,0.159441583669,2017-05-18 15:43:51,134573086,0.04953,0.15944158,24686503,sell
78,134.99338164,6.68622219263,2017-05-18 15:43:45,134573041,0.04953,6.68622219,24686502,sell
79,1.04000217,0.0515321075235,2017-05-18 15:43:45,134573040,0.04955,0.0515321,24686501,sell
80,8.96656219,0.44429324618,2017-05-18 15:43:45,134573039,0.04955001,0.44429324,24686500,sell
81,4e-07,1.9820004e-08,2017-05-18 15:43:43,134573019,0.04955001,1e-08,24686499,sell
82,1.21e-06,5.99555e-08,2017-05-18 15:43:38,134572965,0.04955,5e-08,24686498,sell
83,1.0008125,0.049590259375,2017-05-18 15:43:36,134572947,0.04955,0.04959025,24686497,sell
84,4.4e-07,2.17931956e-08,2017-05-18 15:43:31,134572909,0.04952999,2e-08,24686496,buy
85,6.373084,0.315658786789,2017-05-18 15:43:29,134572896,0.04952999,0.31565878,24686495,buy
86,0.00015081,7.4696162838e-06,2017-05-18 15:43:28,134572885,0.04952998,7.46e-06,24686494,sell
87,4.3e-05,2.12978914e-06,2017-05-18 15:43:27,134572863,0.04952998,2.12e-06,24686493,sell
88,1.413e-05,6.998586174e-07,2017-05-18 15:43:15,134572736,0.04952998,6.9e-07,24686492,sell
89,1.5932711,0.0789147016503,2017-05-18 15:43:13,134572725,0.04952999,0.0789147,24686491,buy
90,1.21e-06,5.99312758e-08,2017-05-18 15:43:13,134572724,0.04952998,5e-08,24686490,sell
91,4.27104209,0.211544629297,2017-05-18 15:43:08,134572683,0.04952998,0.21154462,24686489,sell
92,5.87024016,0.29075287772,2017-05-18 15:43:08,134572682,0.04952998,0.29075287,24686488,sell
93,5.94446054,0.294429071102,2017-05-18 15:43:08,134572680,0.04952999,0.29442907,24686487,sell
94,0.13553946,0.00671923319004,2017-05-18 15:43:08,134572679,0.049574,0.00671923,24686486,sell
95,0.00566379,0.00028077672546,2017-05-18 15:43:04,134572646,0.049574,0.00028077,24686485,sell
96,9.61932406,0.477298258543,2017-05-18 15:42:59,134572592,0.04961869,0.47729825,24686484,buy
97,0.04985132,0.00247188717395,2017-05-18 15:42:59,134572591,0.04958519,0.00247188,24686483,buy
98,0.3944828,0.0195605006449,2017-05-18 15:42:59,134572590,0.04958518,0.0195605,24686482,buy
99,0.005,0.00024786995,2017-05-18 15:42:59,134572589,0.04957399,0.00024786,24686481,buy
100,0.18669747,0.00924712195515,2017-05-18 15:42:49,134572485,0.04952998,0.00924712,24686480,sell
101,4e-07,1.9812004e-08,2017-05-18 15:42:46,134572459,0.04953001,1e-08,24686479,sell
102,0.51102205,0.0253109221365,2017-05-18 15:42:45,134572442,0.04953,0.02531092,24686478,sell
103,5.84397945,0.289452302158,2017-05-18 15:42:45,134572441,0.04953,0.2894523,24686477,sell
104,14.49040828,0.717709922108,2017-05-18 15:42:37,134572366,0.04953,0.71770992,24686476,buy
105,6.9832,0.345877756336,2017-05-18 15:42:37,134572365,0.04952998,0.34587775,24686475,buy
106,0.28278898,0.0140037131175,2017-05-18 15:42:37,134572364,0.04952001,0.01400371,24686474,buy
107,0.09977689,0.00494095259057,2017-05-18 15:42:35,134572350,0.04952001,0.00494095,24686473,buy
108,0.0005495,2.7211245495e-05,2017-05-18 15:42:29,134572279,0.04952001,2.721e-05,24686472,buy
109,0.04566865,0.00226151200469,2017-05-18 15:42:28,134572278,0.04952001,0.00226151,24686471,buy
110,1.777e-05,8.796761288e-07,2017-05-18 15:42:25,134572243,0.04950344,8.7e-07,24686470,sell
111,3.252e-05,1.6098518688e-06,2017-05-18 15:42:25,134572237,0.04950344,1.6e-06,24686469,sell
112,0.599946,0.02970932592,2017-05-18 15:42:23,134572226,0.04952,0.02970932,24686468,sell
113,2.0,0.09904002,2017-05-18 15:42:22,134572213,0.04952001,0.09904002,24686467,buy
114,4.72440944,0.233999999563,2017-05-18 15:42:18,134572165,0.04953,0.23399999,24686466,buy
115,172.01404505,8.51813551088,2017-05-18 15:42:17,134572151,0.04952,8.51813551,24686465,sell
116,10.09692849,0.499999999794,2017-05-18 15:42:17,134572150,0.04952001,0.49999999,24686464,sell
117,1.33,0.0658616133,2017-05-18 15:42:17,134572149,0.04952001,0.06586161,24686463,sell
118,12.88195488,0.637914663297,2017-05-18 15:42:17,134572148,0.04952002,0.63791466,24686462,sell
119,4.52194197,0.223971695335,2017-05-18 15:42:17,134572147,0.04952998,0.22397169,24686461,sell
120,0.137049,0.00678803422902,2017-05-18 15:42:17,134572146,0.04952998,0.00678803,24686460,sell
121,0.97496624,0.0482900778672,2017-05-18 15:42:16,134572145,0.04953,0.04829007,24686459,buy
122,0.005,0.00024765,2017-05-18 15:42:16,134572144,0.04953,0.00024765,24686458,buy
123,0.1,0.004953,2017-05-18 15:42:16,134572143,0.04953,0.004953,24686457,buy
124,0.005,0.00024765,2017-05-18 15:42:16,134572142,0.04953,0.00024765,24686456,buy
125,53.79762876,2.66459655248,2017-05-18 15:42:16,134572141,0.04953,2.66459655,24686455,buy
126,25.506354,1.26332945856,2017-05-18 15:42:16,134572140,0.04952999,1.26332945,24686454,buy
127,1.52233087,0.075385855129,2017-05-18 15:42:10,134572084,0.04952002,0.07538585,24686453,buy
128,0.77436277,0.0383464598577,2017-05-18 15:42:08,134572069,0.04952002,0.03834645,24686452,buy
129,0.47602129,0.0235773202131,2017-05-18 15:41:58,134571982,0.04952997,0.02357732,24686451,sell
130,2.31486316,0.114655102869,2017-05-18 15:41:58,134571981,0.04952997,0.1146551,24686450,sell
131,0.0477144,0.00236329327771,2017-05-18 15:41:58,134571980,0.04952998,0.00236329,24686449,sell
132,2.0,0.09905998,2017-05-18 15:41:58,134571975,0.04952999,0.09905998,24686448,buy
133,0.9975,0.04940615505,2017-05-18 15:41:58,134571971,0.04952998,0.04940615,24686447,sell
134,0.3,0.014858994,2017-05-18 15:41:57,134571962,0.04952998,0.01485899,24686446,sell
135,12.483646,0.618314861544,2017-05-18 15:41:57,134571960,0.04952999,0.61831486,24686445,buy
136,4e-07,1.9811992e-08,2017-05-18 15:41:56,134571954,0.04952998,1e-08,24686444,sell
137,0.005,0.0002476499,2017-05-18 15:41:55,134571932,0.04952998,0.00024764,24686443,buy
138,7.86307823,0.38945810747,2017-05-18 15:41:55,134571931,0.04952998,0.3894581,24686442,buy
139,4e-07,1.9811988e-08,2017-05-18 15:41:48,134571889,0.04952997,1e-08,24686441,sell
140,2.964319,0.146822660784,2017-05-18 15:41:46,134571872,0.04952998,0.14682266,24686440,buy
141,2.37145554,0.117458145467,2017-05-18 15:41:45,134571861,0.04952998,0.11745814,24686439,buy
142,0.031652,0.00156772261044,2017-05-18 15:41:34,134571765,0.04952997,0.00156772,24686438,sell
143,2.0,0.09905996,2017-05-18 15:41:34,134571764,0.04952998,0.09905996,24686437,buy
144,0.5639005,0.027929974848,2017-05-18 15:41:26,134571629,0.04952997,0.02792997,24686436,sell
145,2.0,0.099,2017-05-18 15:41:15,134571530,0.0495,0.099,24686435,sell
146,2.0,0.09905996,2017-05-18 15:41:09,134571462,0.04952998,0.09905996,24686434,buy
147,5.67873928,0.281043589549,2017-05-18 15:41:05,134571407,0.04949049,0.28104358,24686433,buy
148,0.99946443,0.0494435153467,2017-05-18 15:41:05,134571406,0.04947001,0.04944351,24686432,buy
149,9.8997,0.489738159,2017-05-18 15:40:49,134571296,0.04947,0.48973815,24686431,sell
150,4.0,0.19788004,2017-05-18 15:40:47,134571256,0.04947001,0.19788004,24686430,buy
151,0.00041499,2.05295553e-05,2017-05-18 15:40:42,134571207,0.04947,2.052e-05,24686429,sell
152,0.34630329,0.0171316272193,2017-05-18 15:40:36,134571122,0.04947001,0.01713162,24686428,sell
153,0.15369671,0.00760652395232,2017-05-18 15:40:36,134571121,0.04949048,0.00760652,24686427,sell
154,10.17847308,0.503737620181,2017-05-18 15:40:31,134571065,0.04949049,0.50373762,24686426,buy
155,4.0,0.19796196,2017-05-18 15:40:23,134571012,0.04949049,0.19796196,24686425,buy
156,3.0,0.14847147,2017-05-18 15:40:22,134571006,0.04949049,0.14847147,24686424,buy
157,2e-07,9.898098e-09,2017-05-18 15:40:20,134570993,0.04949049,0.0,24686423,buy
158,3.0,0.14847144,2017-05-18 15:40:18,134570980,0.04949048,0.14847144,24686422,sell
159,0.0375,0.001855893375,2017-05-18 15:40:13,134570938,0.04949049,0.00185589,24686421,buy
160,20.0,0.9898096,2017-05-18 15:40:06,134570855,0.04949048,0.9898096,24686420,sell
161,1.6622881,0.0822674359673,2017-05-18 15:40:05,134570851,0.04949048,0.08226743,24686419,buy
162,0.01281884,0.000633891638,2017-05-18 15:40:05,134570849,0.04945,0.00063389,24686418,sell
163,0.46488912,0.022988766984,2017-05-18 15:40:03,134570825,0.04945,0.02298876,24686417,sell
164,4.0,0.19796192,2017-05-18 15:39:59,134570792,0.04949048,0.19796192,24686416,buy
165,0.005,0.00024724985,2017-05-18 15:39:49,134570725,0.04944997,0.00024724,24686415,buy
166,1.995,0.09849715995,2017-05-18 15:39:43,134570696,0.04937201,0.09849715,24686414,buy
167,0.005,0.00024686005,2017-05-18 15:39:40,134570674,0.04937201,0.00024686,24686413,buy
168,4e-07,1.97488e-08,2017-05-18 15:39:39,134570667,0.049372,1e-08,24686412,sell
169,0.00302155,0.0001491799666,2017-05-18 15:39:34,134570612,0.049372,0.00014917,24686411,sell
170,4.0,0.19779988,2017-05-18 15:39:33,134570531,0.04944997,0.19779988,24686410,buy
171,0.29152616,0.0143932295715,2017-05-18 15:39:33,134570528,0.049372,0.01439322,24686409,sell
172,4e-07,1.97488e-08,2017-05-18 15:39:28,134570505,0.049372,1e-08,24686408,sell
173,3.09413496,0.153130255297,2017-05-18 15:39:25,134570470,0.04949049,0.15313025,24686407,buy
174,1.09,0.0539332109,2017-05-18 15:39:25,134570469,0.04948001,0.05393321,24686406,buy
175,0.005,0.00024736265,2017-05-18 15:39:25,134570468,0.04947253,0.00024736,24686405,buy
176,134.58161854,6.65809316067,2017-05-18 15:39:25,134570467,0.04947253,6.65809316,24686404,buy
177,3.26433704,0.161494979498,2017-05-18 15:39:25,134570466,0.04947252,0.16149497,24686403,buy
178,2.41205815,0.119330570946,2017-05-18 15:39:25,134570465,0.04947251,0.11933057,24686402,buy
179,1.00665617,0.0497992807299,2017-05-18 15:39:25,134570464,0.04947,0.04979928,24686401,buy
180,8.09520446,0.400307860547,2017-05-18 15:39:25,134570463,0.04945,0.40030786,24686400,buy
181,0.09390768,0.00464373289785,2017-05-18 15:39:25,134570462,0.04944998,0.00464373,24686399,buy
182,2.788133,0.137873148969,2017-05-18 15:39:11,134570368,0.04944999,0.13787314,24686398,buy
183,0.0395,0.001953274605,2017-05-18 15:39:04,134570321,0.04944999,0.00195327,24686397,buy
184,0.59649984,0.029496911123,2017-05-18 15:39:03,134570314,0.04944999,0.02949691,24686396,buy
185,5.40350016,0.267203028877,2017-05-18 15:39:03,134570313,0.04944999,0.26720302,24686395,buy
186,0.33567296,0.0165495698181,2017-05-18 15:38:58,134570268,0.04930266,0.01654956,24686394,sell
187,0.02165423,0.00107128911022,2017-05-18 15:38:42,134570021,0.04947251,0.00107128,24686393,buy
188,4e-07,1.972106e-08,2017-05-18 15:38:41,134570016,0.04930265,1e-08,24686392,sell
189,1.93577097,0.0957674680287,2017-05-18 15:38:39,134569998,0.04947252,0.09576746,24686391,buy
190,2.06422903,0.101771982028,2017-05-18 15:38:39,134569997,0.04930266,0.10177198,24686390,buy
191,5.68121528,0.281064036564,2017-05-18 15:38:34,134569958,0.04947252,0.28106403,24686389,buy
192,4.37965912,0.216672773407,2017-05-18 15:38:34,134569957,0.04947252,0.21667277,24686388,buy
193,10.04096756,0.495559904763,2017-05-18 15:38:34,134569956,0.0493538,0.4955599,24686387,buy
194,4e-07,1.974152e-08,2017-05-18 15:38:25,134569865,0.0493538,1e-08,24686386,sell
195,0.16685827,0.00823508968593,2017-05-18 15:38:25,134569862,0.0493538,0.00823508,24686385,sell
196,0.06806669,0.00336330992495,2017-05-18 15:38:25,134569861,0.04941198,0.0033633,24686384,sell
197,15.78770646,0.779183307086,2017-05-18 15:38:19,134569812,0.0493538,0.7791833,24686383,sell
198,10.03598894,0.495314190947,2017-05-18 15:38:15,134569772,0.0493538,0.49531419,24686382,sell
199,0.03626854,0.00179210001042,2017-05-18 15:38:15,134569771,0.04941197,0.0017921,24686381,sell
0,0.02655653,0.0013182661492,2017-05-18 15:46:54,134574708,0.04964,0.00131826,24686588,buy
1,1.69481506,0.08389334547,2017-05-18 15:46:52,134574701,0.0495,0.08389334,24686587,sell
2,0.42256456,0.020919950154,2017-05-18 15:46:52,134574700,0.04950711,0.02091995,24686586,sell
3,1.292e-05,6.396318612e-07,2017-05-18 15:46:52,134574699,0.04950711,6.3e-07,24686585,sell
4,1.12469064,0.0558296433696,2017-05-18 15:46:52,134574695,0.04964,0.05582964,24686584,buy
5,1.0,0.04952065,2017-05-18 15:46:52,134574694,0.04952065,0.04952065,24686583,buy
6,1.53672612,0.0760788690627,2017-05-18 15:46:52,134574693,0.04950711,0.07607886,24686582,buy
7,6.96124591,0.344581881382,2017-05-18 15:46:52,134574692,0.04950003,0.34458188,24686581,buy
0,3.57562992,0.177494269229,2017-05-18 15:46:58,134574739,0.04964,0.17749426,24686591,buy
1,1.0876757,0.05383994715,2017-05-18 15:46:56,134574727,0.0495,0.05383994,24686590,sell
2,4e-07,1.98e-08,2017-05-18 15:46:55,134574714,0.0495,1e-08,24686589,sell
0,0.0460609,0.00228646261539,2017-05-18 15:47:05,134574820,0.04963999,0.00228646,24686594,buy
1,2.0,0.09900002,2017-05-18 15:47:02,134574786,0.04950001,0.09900002,24686593,sell
2,0.00797656,0.000394839799766,2017-05-18 15:47:01,134574781,0.04950001,0.00039483,24686592,sell
0,1.959e-05,9.697723896e-07,2017-05-18 15:47:08,134574839,0.04950344,9.6e-07,24686595,sell
0,1.21e-06,5.99071e-08,2017-05-18 15:47:15,134574866,0.04951,5e-08,24686598,sell
1,0.9976,0.049520844048,2017-05-18 15:47:14,134574862,0.04963998,0.04952084,24686597,buy
2,0.00797919,0.0003950496969,2017-05-18 15:47:13,134574859,0.04951,0.00039504,24686596,sell
0,1.21e-06,5.99071121e-08,2017-05-18 15:47:21,134574955,0.04951001,5e-08,24686603,sell
1,0.9976,0.049520854024,2017-05-18 15:47:20,134574954,0.04963999,0.04952085,24686602,buy
2,10.07252215,0.499999898801,2017-05-18 15:47:18,134574900,0.04963999,0.49999989,24686601,buy
3,147.16074543,7.30505793154,2017-05-18 15:47:17,134574891,0.04963999,7.30505793,24686600,buy
4,18.95204031,0.940778901948,2017-05-18 15:47:17,134574890,0.04963998,0.9407789,24686599,buy
0,1.12278441,0.0555890898226,2017-05-18 15:47:35,134575055,0.04951003,0.05558908,24686607,sell
1,1.00004986,0.0495124885696,2017-05-18 15:47:27,134575004,0.04951002,0.04951248,24686606,sell
2,0.00001959,9.699010959e-07,2017-05-18 15:47:23,134574968,0.04951001,0.00000096,24686605,sell
3,0.41528200,0.0206145943272,2017-05-18 15:47:22,134574964,0.04963999,0.02061459,24686604,buy
0,0.00000121,5.98991624e-08,2017-05-18 15:47:45,134575119,0.04950344,0.00000005,24686609,sell
1,0.00004787,2.3697296728e-06,2017-05-18 15:47:44,134575111,0.04950344,0.00000236,24686608,sell
0,0.00070560,3.4929627264e-05,2017-05-18 15:47:48,134575137,0.04950344,0.00003492,24686610,sell
0,0.00000040,1.9802844e-08,2017-05-18 15:47:53,134575216,0.04950711,0.00000001,24686611,sell
0,0.00020239,1.00197439929e-05,2017-05-18 15:48:02,134575299,0.04950711,0.00001001,24686612,sell
0,49.26039288,2.4427957897,2017-05-18 15:48:07,134575381,0.04958945,2.44279578,24686623,buy
1,11.04853696,0.547890760666,2017-05-18 15:48:07,134575380,0.04958944,0.54789076,24686622,buy
2,2.96937593,0.147249659824,2017-05-18 15:48:07,134575379,0.04958943,0.14724965,24686621,buy
3,13.12035586,0.64945761507,2017-05-18 15:48:07,134575378,0.04950000,0.64945761,24686620,sell
4,4.43730080,0.2196463896,2017-05-18 15:48:07,134575373,0.04950000,0.21964638,24686619,sell
5,0.02370000,0.001173231528,2017-05-18 15:48:07,134575372,0.04950344,0.00117323,24686618,sell
6,0.02500000,0.001237586,2017-05-18 15:48:07,134575371,0.04950344,0.00123758,24686617,sell
7,3.65106508,0.180740281124,2017-05-18 15:48:07,134575370,0.04950344,0.18074028,24686616,sell
8,1.00000000,0.04950711,2017-05-18 15:48:07,134575369,0.04950711,0.04950711,24686615,sell
9,0.00507040,0.000251020850544,2017-05-18 15:48:07,134575368,0.04950711,0.00025102,24686614,sell
10,1.01089062,0.0500462832312,2017-05-18 15:48:07,134575367,0.04950712,0.05004628,24686613,sell
0,0.00000040,1.98e-08,2017-05-18 15:48:13,134575427,0.04950000,0.00000001,24686624,sell
0,80.75940349,3.99759047276,2017-05-18 15:48:29,134575514,0.04950000,3.99759047,24686628,sell
1,7.87950161,0.390740151114,2017-05-18 15:48:29,134575512,0.04958945,0.39074015,24686627,buy
2,16.17585937,0.802151645918,2017-05-18 15:48:29,134575511,0.04958943,0.80215164,24686626,buy
3,0.00997500,0.00049386254925,2017-05-18 15:48:29,134575510,0.04951003,0.00049386,24686625,buy
0,10.00000000,0.4951003,2017-05-18 15:48:39,134575597,0.04951003,0.49510030,24686634,buy
1,1.00000000,0.04951003,2017-05-18 15:48:39,134575596,0.04951003,0.04951003,24686633,buy
2,4.19074912,0.20744208144,2017-05-18 15:48:38,134575590,0.04950000,0.20744208,24686632,sell
3,0.00000040,1.98e-08,2017-05-18 15:48:37,134575586,0.04950000,0.00000001,24686631,sell
4,0.02894475,0.001432765125,2017-05-18 15:48:37,134575579,0.04950000,0.00143276,24686630,sell
5,0.00252525,0.000124999900253,2017-05-18 15:48:37,134575578,0.04950001,0.00012499,24686629,sell
0,0.00000040,1.9801376e-08,2017-05-18 15:48:46,134575639,0.04950344,0.00000001,24686635,sell
0,0.00000262,1.298734e-07,2017-05-18 15:48:55,134575684,0.04957000,0.00000012,24686636,sell
0,17.30000000,0.857897485,2017-05-18 15:48:59,134575710,0.04958945,0.85789748,24686638,buy
1,0.00000040,1.9828e-08,2017-05-18 15:48:58,134575708,0.04957000,0.00000001,24686637,sell
0,0.00073270,3.6319939e-05,2017-05-18 15:49:05,134575807,0.04957000,0.00003631,24686640,sell
1,2.97018464,0.147232082307,2017-05-18 15:49:05,134575763,0.04957001,0.14723208,24686639,sell
0,0.00000040,1.9828e-08,2017-05-18 15:49:14,134575891,0.04957000,0.00000001,24686646,sell
1,2.28632000,0.1133328824,2017-05-18 15:49:11,134575879,0.04957000,0.11333288,24686645,sell
2,0.36098004,0.0179008016446,2017-05-18 15:49:10,134575872,0.04958945,0.01790080,24686644,buy
3,0.00000100,4.957e-08,2017-05-18 15:49:09,134575869,0.04957000,0.00000004,24686643,sell
4,11.71297336,0.580612206585,2017-05-18 15:49:09,134575866,0.04957001,0.58061220,24686642,buy
5,5.00000000,0.24785005,2017-05-18 15:49:08,134575860,0.04957001,0.24785005,24686641,buy
0,0.00274906,0.0001362983948,2017-05-18 15:49:19,134575947,0.04958000,0.00013629,24686652,buy
1,0.00260439,0.0001290996123,2017-05-18 15:49:18,134575942,0.04957000,0.00012909,24686651,sell
2,0.00000524,2.597468e-07,2017-05-18 15:49:18,134575933,0.04957000,0.00000025,24686650,sell
3,0.00500000,0.00024785005,2017-05-18 15:49:17,134575930,0.04957001,0.00024785,24686649,buy
4,0.00000262,1.298734e-07,2017-05-18 15:49:16,134575918,0.04957000,0.00000012,24686648,sell
5,0.00001977,9.799989e-07,2017-05-18 15:49:14,134575894,0.04957000,0.00000097,24686647,sell
0,0.00000444,2.198244e-07,2017-05-18 15:49:23,134575984,0.04951000,0.00000021,24686659,sell
1,0.03166163,0.0015694669991,2017-05-18 15:49:22,134575969,0.04957000,0.00156946,24686658,sell
2,12.70890982,0.629980659777,2017-05-18 15:49:22,134575968,0.04957000,0.62998065,24686657,sell
3,0.00000040,1.9828e-08,2017-05-18 15:49:20,134575957,0.04957000,0.00000001,24686656,sell
4,0.00139903,6.93499171e-05,2017-05-18 15:49:20,134575951,0.04957000,0.00006934,24686655,sell
5,3.00000000,0.14874,2017-05-18 15:49:20,134575950,0.04958000,0.14874000,24686654,buy
6,0.00000161,7.98077e-08,2017-05-18 15:49:19,134575949,0.04957000,0.00000007,24686653,sell
0,0.00000065,3.22205e-08,2017-05-18 15:49:29,134576054,0.04957000,0.00000003,24686662,buy
1,15.76842855,0.781641003224,2017-05-18 15:49:29,134576053,0.04957000,0.78164100,24686661,buy
2,2.57017980,0.127403786984,2017-05-18 15:49:29,134576052,0.04956999,0.12740378,24686660,buy
0,0.01000000,0.0004956999,2017-05-18 15:49:35,134576110,0.04956999,0.00049569,24686664,buy
1,1.50000000,0.074265,2017-05-18 15:49:31,134576078,0.04951000,0.07426500,24686663,sell
0,2.41785299,0.119852948536,2017-05-18 15:49:37,134576153,0.04956999,0.11985294,24686665,buy
0,0.01878970,0.000931029635,2017-05-18 15:49:45,134576251,0.04955000,0.00093102,24686668,sell
1,60.56883428,3.0030028036,2017-05-18 15:49:45,134576245,0.04958000,3.00300280,24686667,buy
2,0.99149421,0.0491483679897,2017-05-18 15:49:42,134576203,0.04957000,0.04914836,24686666,buy
0,0.00005348,2.649934e-06,2017-05-18 15:49:58,134576366,0.04955000,0.00000264,24686671,sell
1,0.18186083,0.0090166599514,2017-05-18 15:49:57,134576358,0.04958000,0.00901665,24686670,buy
2,0.00629485,0.0003119098175,2017-05-18 15:49:54,134576324,0.04955000,0.00031190,24686669,sell
0,10.05741969,0.498345145639,2017-05-18 15:49:59,134576377,0.04955000,0.49834514,24686673,sell
1,4.97486197,0.246504410613,2017-05-18 15:49:59,134576376,0.04955000,0.24650441,24686672,sell
0,0.00520579,0.000258103016142,2017-05-18 15:50:04,134576408,0.04957999,0.00025810,24686674,buy
0,0.00920343,0.0004560299565,2017-05-18 15:50:12,134576470,0.04955000,0.00045602,24686686,sell
1,0.00511802,0.000253597891,2017-05-18 15:50:12,134576469,0.04955000,0.00025359,24686685,sell
2,1.00004986,0.0496513454927,2017-05-18 15:50:11,134576459,0.04964887,0.04965134,24686684,buy
3,0.00500000,0.0002482441,2017-05-18 15:50:11,134576458,0.04964882,0.00024824,24686683,buy
4,2.01513624,0.100031383105,2017-05-18 15:50:11,134576457,0.04964001,0.10003138,24686682,buy
5,5.31221161,0.26369818432,2017-05-18 15:50:11,134576456,0.04964000,0.26369818,24686681,buy
6,4.48481000,0.2226259684,2017-05-18 15:50:11,134576455,0.04964000,0.22262596,24686680,buy
7,0.00500000,0.00024794725,2017-05-18 15:50:11,134576454,0.04958945,0.00024794,24686679,buy
8,72.99608247,3.61983558184,2017-05-18 15:50:11,134576453,0.04958945,3.61983558,24686678,buy
9,3.00000000,0.14876832,2017-05-18 15:50:11,134576452,0.04958944,0.14876832,24686677,buy
10,9.73928570,0.482965723863,2017-05-18 15:50:11,134576451,0.04958944,0.48296572,24686676,buy
11,36.24655583,1.79710423805,2017-05-18 15:50:11,134576450,0.04958000,1.79710423,24686675,buy
0,0.99638749,0.0494008817903,2017-05-18 15:50:16,134576503,0.04957999,0.04940088,24686687,buy
0,4.00000000,0.19832,2017-05-18 15:50:21,134576553,0.04958000,0.19832000,24686688,sell
0,0.72918269,0.0361310095813,2017-05-18 15:50:28,134576686,0.04955001,0.03613100,24686692,sell
1,2.56182178,0.126938294817,2017-05-18 15:50:27,134576638,0.04955001,0.12693829,24686691,sell
2,0.50433730,0.024999999961,2017-05-18 15:50:27,134576637,0.04957000,0.02499999,24686690,sell
3,7.23580309,0.358751117202,2017-05-18 15:50:27,134576636,0.04958000,0.35875111,24686689,sell
0,3.99872365,0.198136836832,2017-05-18 15:50:35,134576727,0.04955002,0.19813683,24686695,sell
1,1.78137345,0.088461259781,2017-05-18 15:50:35,134576725,0.04965902,0.08846125,24686694,buy
2,15.00000000,0.74325015,2017-05-18 15:50:32,134576710,0.04955001,0.74325015,24686693,sell
0,1.57601800,0.0782635093824,2017-05-18 15:50:57,134576877,0.04965902,0.07826350,24686699,buy
1,0.00500000,0.00024829505,2017-05-18 15:50:57,134576876,0.04965901,0.00024829,24686698,buy
2,0.11060009,0.0054813415664,2017-05-18 15:50:56,134576850,0.04956001,0.00548134,24686697,sell
3,2.00327856,0.0992825054664,2017-05-18 15:50:56,134576849,0.04956001,0.09928250,24686696,sell
0,0.00329164,0.0001631995112,2017-05-18 15:51:03,134576951,0.04958000,0.00016319,24686702,sell
1,0.00000060,2.9748e-08,2017-05-18 15:51:02,134576947,0.04958000,0.00000002,24686701,sell
2,0.00500000,0.000248295,2017-05-18 15:51:00,134576910,0.04965900,0.00024829,24686700,buy
0,0.03531888,0.0017511100704,2017-05-18 15:51:08,134577006,0.04958000,0.00175111,24686706,sell
1,3.50452894,0.174031507767,2017-05-18 15:51:07,134576995,0.04965903,0.17403150,24686705,buy
2,0.14600000,0.00725021838,2017-05-18 15:51:07,134576994,0.04965903,0.00725021,24686704,buy
3,6.60421663,0.327958793629,2017-05-18 15:51:07,134576993,0.04965900,0.32795879,24686703,buy
0,0.02029660,0.001006305428,2017-05-18 15:51:18,134577124,0.04958000,0.00100630,24686708,sell
1,0.02563682,0.00127309935712,2017-05-18 15:51:17,134577110,0.04965902,0.00127309,24686707,buy
0,2.08849000,0.1035473342,2017-05-18 15:51:25,134577185,0.04958000,0.10354733,24686710,buy
1,0.05109228,0.0025331552424,2017-05-18 15:51:24,134577177,0.04958000,0.00253315,24686709,sell
0,1.30715697,0.0647827255763,2017-05-18 15:51:30,134577233,0.04956002,0.06478272,24686713,sell
1,0.50433730,0.024999999961,2017-05-18 15:51:30,134577232,0.04957000,0.02499999,24686712,sell
2,1.00881700,0.05001714686,2017-05-18 15:51:27,134577212,0.04958000,0.05001714,24686711,buy
0,0.00090435,4.4819604087e-05,2017-05-18 15:51:37,134577342,0.04956002,0.00004481,24686722,sell
1,0.00000343,1.699908686e-07,2017-05-18 15:51:36,134577336,0.04956002,0.00000016,24686721,sell
2,0.43108870,0.02142510839,2017-05-18 15:51:34,134577321,0.04970000,0.02142510,24686720,buy
3,1.02101800,0.0507236228903,2017-05-18 15:51:34,134577320,0.04967946,0.05072362,24686719,buy
4,0.41400000,0.0205588467,2017-05-18 15:51:34,134577319,0.04965905,0.02055884,24686718,buy
5,2.49547145,0.1239226916,2017-05-18 15:51:34,134577318,0.04965903,0.12392269,24686717,buy
6,0.19638413,0.0097367251654,2017-05-18 15:51:34,134577317,0.04958000,0.00973672,24686716,buy
7,11.85160072,0.587602363698,2017-05-18 15:51:34,134577316,0.04958000,0.58760236,24686715,buy
8,0.02037434,0.00100975269789,2017-05-18 15:51:33,134577280,0.04956002,0.00100975,24686714,sell
0,0.04769637,0.00237050911204,2017-05-18 15:51:40,134577377,0.04969999,0.00237050,24686725,buy
1,0.01294026,0.000641319544405,2017-05-18 15:51:38,134577360,0.04956002,0.00064131,24686724,sell
2,0.00000080,3.9648016e-08,2017-05-18 15:51:37,134577349,0.04956002,0.00000003,24686723,sell
0,0.00068206,3.38097142e-05,2017-05-18 15:51:46,134577444,0.04957000,0.00003380,24686729,sell
1,0.00000040,1.9828e-08,2017-05-18 15:51:45,134577436,0.04957000,0.00000001,24686728,sell
2,0.00000040,1.9828e-08,2017-05-18 15:51:44,134577435,0.04957000,0.00000001,24686727,sell
3,0.02037434,0.00100975269789,2017-05-18 15:51:43,134577408,0.04956002,0.00100975,24686726,sell
0,0.02023701,0.0010031485857,2017-05-18 15:51:50,134577496,0.04957000,0.00100314,24686730,sell
0,0.30000000,0.014871003,2017-05-18 15:51:57,134577603,0.04957001,0.01487100,24686735,sell
1,0.43684164,0.0216542444632,2017-05-18 15:51:55,134577588,0.04957001,0.02165424,24686734,sell
2,0.64741085,0.0320921623086,2017-05-18 15:51:54,134577573,0.04957001,0.03209216,24686733,sell
3,40.24144869,1.99517102605,2017-05-18 15:51:54,134577572,0.04958000,1.99517102,24686732,buy
4,0.00000282,1.397874282e-07,2017-05-18 15:51:54,134577564,0.04957001,0.00000013,24686731,sell
0,0.00606398,0.00030065206776,2017-05-18 15:52:01,134577638,0.04957999,0.00030065,24686740,buy
1,0.02030630,0.00100658349406,2017-05-18 15:52:00,134577630,0.04957001,0.00100658,24686739,sell
2,9.24970030,0.458600140874,2017-05-18 15:52:00,134577629,0.04958000,0.45860014,24686738,buy
3,0.07537672,0.00373717702383,2017-05-18 15:52:00,134577628,0.04957999,0.00373717,24686737,buy
4,0.00606398,0.00030065206776,2017-05-18 15:52:00,134577627,0.04957999,0.00030065,24686736,buy
0,0.95342908,0.0472710137864,2017-05-18 15:52:08,134577722,0.04958000,0.04727101,24686744,buy
1,0.05859497,0.00290513802665,2017-05-18 15:52:08,134577721,0.04957999,0.00290513,24686743,buy
2,0.02030630,0.00100658349406,2017-05-18 15:52:08,134577720,0.04957001,0.00100658,24686742,sell
3,0.43684164,0.0216542400948,2017-05-18 15:52:03,134577668,0.04957000,0.02165424,24686741,sell
0,4.03551088,0.200040314677,2017-05-18 15:52:14,134577775,0.04957001,0.20004031,24686752,sell
1,19.97412898,0.992713611082,2017-05-18 15:52:14,134577772,0.04969997,0.99271361,24686751,buy
2,0.07597126,0.00377537125346,2017-05-18 15:52:14,134577771,0.04969473,0.00377537,24686750,buy
3,0.54487696,0.0270149996768,2017-05-18 15:52:14,134577769,0.04958000,0.02701499,24686749,buy
4,9.99880000,0.495740504,2017-05-18 15:52:14,134577768,0.04958000,0.49574050,24686748,buy
5,4.49644012,0.22293350115,2017-05-18 15:52:14,134577767,0.04958000,0.22293350,24686747,buy
6,6.92795428,0.343418762939,2017-05-18 15:52:11,134577741,0.04957001,0.34341876,24686746,sell
7,20.05826906,0.994488979995,2017-05-18 15:52:09,134577729,0.04958000,0.99448897,24686745,buy
0,1.55352791,0.077008394034,2017-05-18 15:52:18,134577827,0.04957001,0.07700839,24686755,sell
1,0.02030630,0.00100658349406,2017-05-18 15:52:18,134577826,0.04957001,0.00100658,24686754,sell
2,0.43684155,0.0216542400019,2017-05-18 15:52:15,134577784,0.04957001,0.02165424,24686753,sell
0,0.00500000,0.0002479,2017-05-18 15:52:20,134577837,0.04958000,0.00024790,24686756,buy
0,0.46562983,0.0231417839258,2017-05-18 15:52:35,134578029,0.04969996,0.02314178,24686757,buy
0,4.70722334,0.233478277664,2017-05-18 15:52:39,134578084,0.04960000,0.23347827,24686764,sell
1,0.01021209,0.000506519664,2017-05-18 15:52:37,134578054,0.04960000,0.00050651,24686763,sell
2,18.83306000,0.936003082,2017-05-18 15:52:37,134578045,0.04970000,0.93600308,24686762,buy
3,3.55891130,0.17687789161,2017-05-18 15:52:37,134578044,0.04970000,0.17687789,24686761,buy
4,23.81800000,1.18375436182,2017-05-18 15:52:37,134578043,0.04969999,1.18375436,24686760,buy
5,5.94690404,0.295560892912,2017-05-18 15:52:37,134578042,0.04969996,0.29556089,24686759,buy
6,0.93893178,0.0466648719087,2017-05-18 15:52:37,134578041,0.04969996,0.04666487,24686758,buy
0,0.00001754,8.69984e-07,2017-05-18 15:52:45,134578150,0.04960000,0.00000086,24686768,sell
1,0.04402258,0.002183519968,2017-05-18 15:52:45,134578149,0.04960000,0.00218351,24686767,sell
2,0.00000040,1.984e-08,2017-05-18 15:52:45,134578146,0.04960000,0.00000001,24686766,sell
3,81.16694000,4.033996918,2017-05-18 15:52:44,134578139,0.04970000,4.03399691,24686765,buy
0,2.14730000,0.106506101473,2017-05-18 15:52:56,134578247,0.04960001,0.10650610,24686771,sell
1,0.00000040,1.9840004e-08,2017-05-18 15:52:54,134578233,0.04960001,0.00000001,24686770,sell
2,0.00000040,1.9840004e-08,2017-05-18 15:52:53,134578229,0.04960001,0.00000001,24686769,sell
0,1.00703160,0.0499487774303,2017-05-18 15:53:05,134578307,0.04960001,0.04994877,24686774,sell
1,2.87015129,0.142359532686,2017-05-18 15:53:05,134578305,0.04960001,0.14235953,24686773,sell
2,0.00440635,0.000218555004063,2017-05-18 15:53:04,134578298,0.04960001,0.00021855,24686772,sell
0,0.00004294,2.1298248588e-06,2017-05-18 15:53:13,134578380,0.04960002,0.00000212,24686777,sell
1,1.03100000,0.05113762062,2017-05-18 15:53:13,134578377,0.04960002,0.05113762,24686776,sell
2,0.00001370,6.79520137e-07,2017-05-18 15:53:12,134578371,0.04960001,0.00000067,24686775,sell
0,0.00003810,1.889760762e-06,2017-05-18 15:53:14,134578396,0.04960002,0.00000188,24686778,sell
0,0.00014858,7.3695709716e-06,2017-05-18 15:53:20,134578448,0.04960002,0.00000736,24686779,sell
0,42.67620157,2.12354517174,2017-05-18 15:53:26,134578563,0.04975947,2.12354517,24686795,buy
1,3.16777050,0.157621607762,2017-05-18 15:53:26,134578562,0.04975790,0.15762160,24686794,buy
2,0.92214254,0.0458838762911,2017-05-18 15:53:26,134578561,0.04975790,0.04588387,24686793,buy
3,0.00243094,0.000120955503679,2017-05-18 15:53:26,134578560,0.04975668,0.00012095,24686792,buy
4,0.22025319,0.0109581556456,2017-05-18 15:53:26,134578559,0.04975254,0.01095815,24686791,buy
5,0.30359251,0.0151044286712,2017-05-18 15:53:26,134578558,0.04975231,0.01510442,24686790,buy
6,4.62219775,0.229964969117,2017-05-18 15:53:26,134578557,0.04975230,0.22996496,24686789,buy
7,8.38595943,0.417220769349,2017-05-18 15:53:24,134578544,0.04975230,0.41722076,24686788,buy
8,0.29698500,0.01477262787,2017-05-18 15:53:24,134578543,0.04974200,0.01477262,24686787,buy
9,0.66172346,0.0329075076658,2017-05-18 15:53:24,134578542,0.04973000,0.03290750,24686786,buy
10,0.30000000,0.014918937,2017-05-18 15:53:24,134578541,0.04972979,0.01491893,24686785,buy
11,0.30000000,0.014918937,2017-05-18 15:53:24,134578540,0.04972979,0.01491893,24686784,buy
12,0.05053312,0.00251264063917,2017-05-18 15:53:24,134578539,0.04972265,0.00251264,24686783,buy
13,1.05680179,0.0525440898866,2017-05-18 15:53:24,134578538,0.04971991,0.05254408,24686782,buy
14,0.23624923,0.0117462880907,2017-05-18 15:53:24,134578537,0.04971990,0.01174628,24686781,buy
15,0.75184822,0.0373818107951,2017-05-18 15:53:24,134578536,0.04971989,0.03738181,24686780,buy
0,0.00000483,2.395681932e-07,2017-05-18 15:53:31,134578615,0.04960004,0.00000023,24686796,sell
0,0.01948243,0.000966716033533,2017-05-18 15:53:40,134578694,0.04961989,0.00096671,24686803,sell
1,0.99544124,0.0493739253216,2017-05-18 15:53:39,134578685,0.04960004,0.04937392,24686802,sell
2,0.00455876,0.000226205124149,2017-05-18 15:53:39,134578684,0.04961988,0.00022620,24686801,sell
3,4.54081902,0.225948747801,2017-05-18 15:53:38,134578675,0.04975947,0.22594874,24686800,buy
4,2.02957873,0.100990741632,2017-05-18 15:53:38,134578674,0.04975946,0.10099074,24686799,buy
5,1.03122962,0.0512726129588,2017-05-18 15:53:38,134578673,0.04971988,0.05127261,24686798,buy
6,0.00114772,5.69497286736e-05,2017-05-18 15:53:36,134578660,0.04961988,0.00005694,24686797,sell
0,2.03348561,0.101185166206,2017-05-18 15:53:45,134578749,0.04975947,0.10118516,24686805,buy
1,0.01004834,0.00050000007278,2017-05-18 15:53:41,134578701,0.04975947,0.00050000,24686804,buy
0,0.00000040,1.9847952e-08,2017-05-18 15:53:49,134578826,0.04961988,0.00000001,24686806,sell
0,2.77174088,0.137533477574,2017-05-18 15:53:56,134578900,0.04961989,0.13753347,24686808,sell
1,0.00000040,1.9847956e-08,2017-05-18 15:53:53,134578856,0.04961989,0.00000001,24686807,sell
0,0.00000483,2.39664117e-07,2017-05-18 15:53:59,134578930,0.04961990,0.00000023,24686813,sell
1,0.79019691,0.0392094837525,2017-05-18 15:53:58,134578923,0.04961989,0.03920948,24686812,buy
2,3.10747204,0.154130799632,2017-05-18 15:53:58,134578922,0.04960006,0.15413079,24686811,sell
3,0.14968996,0.0074275978524,2017-05-18 15:53:58,134578921,0.04961988,0.00742759,24686810,sell
4,0.21541926,0.0106890799851,2017-05-18 15:53:57,134578913,0.04961989,0.01068907,24686809,buy
0,0.00000040,1.9840028e-08,2017-05-18 15:54:06,134578988,0.04960007,0.00000001,24686817,sell
1,3.57965859,0.178121771033,2017-05-18 15:54:05,134578986,0.04975943,0.17812177,24686816,buy
2,1.02366049,0.0509367624959,2017-05-18 15:54:05,134578985,0.04975943,0.05093676,24686815,buy
3,38.61994705,1.91631791063,2017-05-18 15:54:01,134578946,0.04961990,1.91631791,24686814,sell
0,0.01729900,0.00085803161093,2017-05-18 15:54:09,134579028,0.04960007,0.00085803,24686819,sell
1,0.00000040,1.9840028e-08,2017-05-18 15:54:08,134579017,0.04960007,0.00000001,24686818,sell
0,1.00000000,0.04961989,2017-05-18 15:54:18,134579116,0.04961989,0.04961989,24686821,buy
1,0.00000040,1.9840028e-08,2017-05-18 15:54:15,134579083,0.04960007,0.00000001,24686820,sell
0,0.00287243,0.000142529660633,2017-05-18 15:54:27,134579201,0.04961989,0.00014252,24686822,buy
0,1.44272955,0.0715594001073,2017-05-18 15:54:33,134579256,0.04960001,0.07155940,24686828,sell
1,0.01402662,0.000695720632532,2017-05-18 15:54:33,134579255,0.04960002,0.00069572,24686827,sell
2,18.50324383,0.917762189195,2017-05-18 15:54:33,134579254,0.04960007,0.91776218,24686826,sell
3,3.00000000,0.14880021,2017-05-18 15:54:32,134579249,0.04960007,0.14880021,24686825,sell
4,0.00000342,1.696322394e-07,2017-05-18 15:54:32,134579247,0.04960007,0.00000016,24686824,sell
5,0.42808911,0.0212332498222,2017-05-18 15:54:29,134579221,0.04960007,0.02123324,24686823,sell
0,21.00066416,1.04205064555,2017-05-18 15:54:37,134579295,0.04961989,1.04205064,24686831,buy
1,0.99933584,0.0495671276175,2017-05-18 15:54:37,134579294,0.04960007,0.04956712,24686830,buy
2,0.04079626,0.00202430593361,2017-05-18 15:54:34,134579262,0.04961989,0.00202430,24686829,buy
0,0.39940000,0.019810247988,2017-05-18 15:54:49,134579380,0.04960002,0.01981024,24686834,buy
1,3.00000000,0.14880003,2017-05-18 15:54:49,134579377,0.04960001,0.14880003,24686833,sell
2,0.00002379,1.1799842379e-06,2017-05-18 15:54:49,134579374,0.04960001,0.00000117,24686832,sell
0,0.50383012,0.0249899991435,2017-05-18 15:54:54,134579491,0.04960005,0.02498999,24686836,buy
1,3.40661139,0.168968129341,2017-05-18 15:54:54,134579484,0.04960006,0.16896812,24686835,buy
0,0.01684851,0.00083568643297,2017-05-18 15:54:57,134579504,0.04960002,0.00083568,24686837,sell
0,3.52354110,0.174767814737,2017-05-18 15:55:07,134579574,0.04960005,0.17476781,24686839,buy
1,1.39352694,0.0691190059003,2017-05-18 15:55:02,134579529,0.04960005,0.06911900,24686838,buy
0,9.97491169,0.494755719573,2017-05-18 15:55:11,134579604,0.04960001,0.49475571,24686844,sell
1,0.39940000,0.019810247988,2017-05-18 15:55:11,134579603,0.04960002,0.01981024,24686843,sell
2,0.58375149,0.028954085579,2017-05-18 15:55:11,134579602,0.04960002,0.02895408,24686842,sell
3,0.00358709,0.000177919843354,2017-05-18 15:55:10,134579600,0.04960005,0.00017791,24686841,buy
4,0.01008063,0.000499999752032,2017-05-18 15:55:07,134579578,0.04960005,0.00049999,24686840,buy
0,0.01762136,0.000874019632214,2017-05-18 15:55:19,134579678,0.04960001,0.00087401,24686845,sell
0,0.02315463,0.00114846987955,2017-05-18 15:55:28,134579724,0.04960001,0.00114846,24686850,sell
1,0.00484300,0.00024021284843,2017-05-18 15:55:28,134579723,0.04960001,0.00024021,24686849,sell
2,0.17094270,0.00847875962943,2017-05-18 15:55:28,134579722,0.04960001,0.00847875,24686848,sell
3,55.38444529,2.74706904023,2017-05-18 15:55:28,134579721,0.04960001,2.74706904,24686847,sell
4,14.96250000,0.74214029925,2017-05-18 15:55:26,134579710,0.04960002,0.74214029,24686846,buy
0,13.31811455,0.660578614861,2017-05-18 15:55:34,134579769,0.04960001,0.66057861,24686854,buy
1,3.37541701,0.16742071745,2017-05-18 15:55:34,134579768,0.04960001,0.16742071,24686853,buy
2,32.90275747,1.63197742857,2017-05-18 15:55:33,134579761,0.04960002,1.63197742,24686852,buy
3,44.41661438,2.20306451741,2017-05-18 15:55:33,134579760,0.04960001,2.20306451,24686851,buy
0,8.88181436,0.440538081074,2017-05-18 15:55:40,134579815,0.04960001,0.44053808,24686855,buy
0,1.01455338,0.050321847648,2017-05-18 15:55:40,134579817,0.04960000,0.05032184,24686856,sell
0,14.96250000,0.742140149625,2017-05-18 15:55:47,134579896,0.04960001,0.74214014,24686858,buy
1,0.00000040,1.984e-08,2017-05-18 15:55:46,134579894,0.04960000,0.00000001,24686857,sell
0,0.03740625,0.00185535037406,2017-05-18 15:55:53,134579932,0.04960001,0.00185535,24686859,buy
0,15.41418681,0.764543819918,2017-05-18 15:56:00,134580023,0.04960001,0.76454381,24686861,buy
1,0.60543879,0.0300297700384,2017-05-18 15:55:57,134579951,0.04960001,0.03002977,24686860,buy
0,1.28882358,0.063925649568,2017-05-18 15:56:07,134580090,0.04960000,0.06392564,24686862,sell
0,10.99814415,0.545508059821,2017-05-18 15:56:24,134580190,0.04960001,0.54550805,24686864,buy
1,2.00000000,0.09920002,2017-05-18 15:56:24,134580188,0.04960001,0.09920002,24686863,buy
0,0.00456932,0.000226638272,2017-05-18 15:56:32,134580242,0.04960000,0.00022663,24686865,sell
0,17.02000000,0.8441921702,2017-05-18 15:56:37,134580262,0.04960001,0.84419217,24686868,buy
1,0.14479856,0.00718201002399,2017-05-18 15:56:36,134580252,0.04960001,0.00718201,24686867,buy
2,0.00000040,1.984e-08,2017-05-18 15:56:34,134580248,0.04960000,0.00000001,24686866,sell
0,0.42194363,0.020928404048,2017-05-18 15:56:44,134580324,0.04960000,0.02092840,24686870,sell
1,0.23308524,0.0115610302349,2017-05-18 15:56:44,134580317,0.04960001,0.01156103,24686869,buy
0,0.18189500,0.009021992,2017-05-18 15:56:50,134580404,0.04960000,0.00902199,24686873,sell
1,1.03097527,0.051136373392,2017-05-18 15:56:45,134580328,0.04960000,0.05113637,24686872,sell
2,0.00005181,2.569776e-06,2017-05-18 15:56:45,134580325,0.04960000,0.00000256,24686871,sell
0,1.10342216,0.0547297501702,2017-05-18 15:56:52,134580424,0.04960001,0.05472975,24686874,buy
0,15.00000000,0.744,2017-05-18 15:56:57,134580481,0.04960000,0.74400000,24686875,sell
0,0.09380000,0.00465248,2017-05-18 15:57:05,134580517,0.04960000,0.00465248,24686876,sell
0,0.07248478,0.003595245088,2017-05-18 15:57:10,134580563,0.04960000,0.00359524,24686878,sell
1,1.20665298,0.0598499998745,2017-05-18 15:57:08,134580544,0.04960001,0.05984999,24686877,buy
0,3.77534728,0.187257225088,2017-05-18 15:57:12,134580579,0.04960000,0.18725722,24686879,sell
0,1.09955900,0.0545381264,2017-05-18 15:57:20,134580687,0.04960000,0.05453812,24686882,sell
1,0.19906571,0.009873659216,2017-05-18 15:57:18,134580680,0.04960000,0.00987365,24686881,sell
2,0.50000000,0.0248,2017-05-18 15:57:17,134580678,0.04960000,0.02480000,24686880,sell
0,29.28449917,1.45251115883,2017-05-18 15:57:27,134580736,0.04960000,1.45251115,24686885,sell
1,1.20177153,0.059607867888,2017-05-18 15:57:26,134580722,0.04960000,0.05960786,24686884,sell
2,30.00000000,1.4880003,2017-05-18 15:57:23,134580699,0.04960001,1.48800030,24686883,buy
0,1.01160227,0.050175472592,2017-05-18 15:57:33,134580756,0.04960000,0.05017547,24686887,sell
1,1.10524333,0.0548200802204,2017-05-18 15:57:28,134580741,0.04960001,0.05482008,24686886,buy
0,2.31361022,0.114755066912,2017-05-18 15:57:38,134580813,0.04960000,0.11475506,24686891,sell
1,0.83926717,0.0416276600247,2017-05-18 15:57:37,134580812,0.04960001,0.04162766,24686890,buy
2,1.83021628,0.0907787457902,2017-05-18 15:57:35,134580800,0.04960001,0.09077874,24686889,buy
3,0.07577478,0.00375842984575,2017-05-18 15:57:35,134580799,0.04960001,0.00375842,24686888,buy
0,0.00334758,0.000166039968,2017-05-18 15:57:44,134580866,0.04960000,0.00016603,24686899,sell
1,0.00000665,3.2984e-07,2017-05-18 15:57:43,134580865,0.04960000,0.00000032,24686898,sell
2,1.52027923,0.075405849808,2017-05-18 15:57:42,134580855,0.04960000,0.07540584,24686897,sell
3,0.00655302,0.000325029792,2017-05-18 15:57:42,134580848,0.04960000,0.00032502,24686896,sell
4,0.00500000,0.00024800005,2017-05-18 15:57:41,134580847,0.04960001,0.00024800,24686895,buy
5,9.00000000,0.44640009,2017-05-18 15:57:41,134580846,0.04960001,0.44640009,24686894,buy
6,42.80985395,2.12336918402,2017-05-18 15:57:41,134580845,0.04960001,2.12336918,24686893,buy
7,0.01008064,0.000499999844806,2017-05-18 15:57:40,134580831,0.04960001,0.00049999,24686892,buy
0,0.00500000,0.0002480001,2017-05-18 15:57:49,134580912,0.04960002,0.00024800,24686900,buy
0,0.00510241,0.000253079536,2017-05-18 15:58:00,134580961,0.04960000,0.00025307,24686904,sell
1,5.96774275,0.2960000404,2017-05-18 15:58:00,134580960,0.04960000,0.29600004,24686903,sell
2,4.03225725,0.199999999923,2017-05-18 15:58:00,134580959,0.04960001,0.19999999,24686902,sell
3,40.00000000,1.9840004,2017-05-18 15:58:00,134580958,0.04960001,1.98400040,24686901,sell
0,0.00000060,2.9760012e-08,2017-05-18 15:58:04,134580995,0.04960002,0.00000002,24686908,sell
1,115.55662581,5.73161326244,2017-05-18 15:58:02,134580981,0.04960004,5.73161326,24686907,buy
2,0.99269081,0.0492375038836,2017-05-18 15:58:02,134580980,0.04960004,0.04923750,24686906,buy
3,4.44846887,0.220644189406,2017-05-18 15:58:02,134580979,0.04960003,0.22064418,24686905,buy
0,2.17046097,0.10743783972,2017-05-18 15:58:14,134581084,0.04950001,0.10743783,24686937,sell
1,0.00336181,0.000166409628618,2017-05-18 15:58:14,134581081,0.04950001,0.00016640,24686936,sell
2,11.80609397,0.584401769576,2017-05-18 15:58:12,134581065,0.04950001,0.58440176,24686935,sell
3,0.01500000,0.0007425516,2017-05-18 15:58:12,134581064,0.04950344,0.00074255,24686934,sell
4,0.01580000,0.000782154352,2017-05-18 15:58:12,134581063,0.04950344,0.00078215,24686933,sell
5,0.01660000,0.000821757104,2017-05-18 15:58:12,134581062,0.04950344,0.00082175,24686932,sell
6,0.01750000,0.0008663102,2017-05-18 15:58:12,134581061,0.04950344,0.00086631,24686931,sell
7,0.01840000,0.000910863296,2017-05-18 15:58:12,134581060,0.04950344,0.00091086,24686930,sell
8,0.01940000,0.000960366736,2017-05-18 15:58:12,134581059,0.04950344,0.00096036,24686929,sell
9,0.02040000,0.001009870176,2017-05-18 15:58:12,134581058,0.04950344,0.00100987,24686928,sell
10,0.02150000,0.00106432396,2017-05-18 15:58:12,134581057,0.04950344,0.00106432,24686927,sell
11,0.02259960,0.00111875794262,2017-05-18 15:58:12,134581056,0.04950344,0.00111875,24686926,sell
12,0.00242126,0.000119871473741,2017-05-18 15:58:12,134581055,0.04950789,0.00011987,24686925,sell
13,5.00000000,0.2476,2017-05-18 15:58:12,134581054,0.04952000,0.24760000,24686924,sell
14,5.00000000,0.24765,2017-05-18 15:58:12,134581053,0.04953000,0.24765000,24686923,sell
15,0.00493402,0.000244480691,2017-05-18 15:58:12,134581052,0.04955000,0.00024448,24686922,sell
16,1.25667346,0.062268169943,2017-05-18 15:58:12,134581051,0.04955000,0.06226816,24686921,sell
17,0.02230687,0.0011053054085,2017-05-18 15:58:12,134581050,0.04955000,0.00110530,24686920,sell
18,0.03689921,0.0018283558555,2017-05-18 15:58:12,134581049,0.04955000,0.00182835,24686919,sell
19,0.08314766,0.00411999981206,2017-05-18 15:58:12,134581048,0.04955040,0.00411999,24686918,sell
20,4.00000000,0.19828,2017-05-18 15:58:12,134581047,0.04957000,0.19828000,24686917,sell
21,0.10000000,0.0049575,2017-05-18 15:58:12,134581046,0.04957500,0.00495750,24686916,sell
22,0.50423558,0.0250000000564,2017-05-18 15:58:12,134581045,0.04958000,0.02500000,24686915,sell
23,9.80000000,0.48608,2017-05-18 15:58:12,134581044,0.04960000,0.48608000,24686914,sell
24,20.16129032,0.999999999872,2017-05-18 15:58:12,134581043,0.04960000,0.99999999,24686913,sell
25,70.36997191,3.49035060674,2017-05-18 15:58:12,134581042,0.04960000,3.49035060,24686912,sell
26,0.15037892,0.00745879593579,2017-05-18 15:58:12,134581041,0.04960001,0.00745879,24686911,sell
27,5.53444722,0.274508692801,2017-05-18 15:58:12,134581040,0.04960002,0.27450869,24686910,sell
28,0.00000040,1.9840008e-08,2017-05-18 15:58:12,134581039,0.04960002,0.00000001,24686909,sell
0,1.32087414,0.0655153441353,2017-05-18 15:58:22,134581127,0.04959999,0.06551534,24686938,buy
0,0.00000424,2.0988e-07,2017-05-18 15:58:24,134581150,0.04950000,0.00000020,24686940,sell
1,0.99800000,0.04950079002,2017-05-18 15:58:23,134581143,0.04959999,0.04950079,24686939,buy
0,6.37156190,0.31539231405,2017-05-18 15:58:31,134581224,0.04950000,0.31539231,24686944,sell
1,2.29605859,0.113654923166,2017-05-18 15:58:31,134581223,0.04950001,0.11365492,24686943,sell
2,0.00003959,1.9597053959e-06,2017-05-18 15:58:31,134581222,0.04950001,0.00000195,24686942,sell
3,1.10201111,0.054549549945,2017-05-18 15:58:29,134581210,0.04950000,0.05454954,24686941,sell
0,0.12379960,0.0061280802,2017-05-18 15:58:35,134581319,0.04950000,0.00612808,24686945,sell
0,6.65745379,0.330209574835,2017-05-18 15:58:42,134581400,0.04959998,0.33020957,24686949,buy
1,1.87845136,0.0931711311025,2017-05-18 15:58:42,134581399,0.04959997,0.09317113,24686948,buy
2,0.02103401,0.00104118370534,2017-05-18 15:58:41,134581382,0.04950001,0.00104118,24686947,sell
3,0.00000040,1.9800004e-08,2017-05-18 15:58:39,134581354,0.04950001,0.00000001,24686946,sell
0,0.99704832,0.049353911781,2017-05-18 15:58:52,134581476,0.04950002,0.04935391,24686954,sell
1,0.00040969,2.02796631938e-05,2017-05-18 15:58:52,134581474,0.04950002,0.00002027,24686953,sell
2,53.81753933,2.66934833624,2017-05-18 15:58:52,134581471,0.04959997,2.66934833,24686952,buy
3,43.32772546,2.14905344971,2017-05-18 15:58:52,134581470,0.04959996,2.14905344,24686951,buy
4,2.45513535,0.121774615155,2017-05-18 15:58:52,134581469,0.04959996,0.12177461,24686950,buy
0,0.19920080,0.00988034971996,2017-05-18 15:59:05,134581594,0.04959995,0.00988034,24686955,buy
0,0.00000101,4.99950101e-08,2017-05-18 15:59:06,134581598,0.04950001,0.00000004,24686956,sell
0,3.22116595,0.159769605638,2017-05-18 15:59:19,134581708,0.04959993,0.15976960,24686957,buy
0,0.22625874,0.0111998098926,2017-05-18 15:59:28,134581822,0.04950001,0.01119980,24686961,sell
1,0.00439597,0.000218035496232,2017-05-18 15:59:28,134581821,0.04959895,0.00021803,24686960,sell
2,0.00131051,6.49999199645e-05,2017-05-18 15:59:28,134581816,0.04959895,0.00006499,24686959,sell
3,161.15083405,7.99307008832,2017-05-18 15:59:28,134581811,0.04959993,7.99307008,24686958,buy
0,0.52000000,0.025792,2017-05-18 15:59:36,134581909,0.04960000,0.02579200,24686967,buy
1,0.00500000,0.0002479999,2017-05-18 15:59:36,134581905,0.04959998,0.00024799,24686966,buy
2,0.00012525,6.199877505e-06,2017-05-18 15:59:34,134581893,0.04950002,0.00000619,24686965,sell
3,11.97907477,0.592964440696,2017-05-18 15:59:34,134581888,0.04950002,0.59296444,24686964,sell
4,0.02033261,0.00100808043417,2017-05-18 15:59:34,134581887,0.04957949,0.00100808,24686963,sell
5,0.00000060,2.9747694e-08,2017-05-18 15:59:34,134581885,0.04957949,0.00000002,24686962,sell
0,0.00006875,3.4099965625e-06,2017-05-18 15:59:54,134582079,0.04959995,0.00000340,24686968,sell
0,9.51326955,0.47185816968,2017-05-18 15:59:55,134582091,0.04960000,0.47185816,24686972,buy
1,0.82104140,0.0407236452296,2017-05-18 15:59:55,134582090,0.04959999,0.04072364,24686971,buy
2,0.14557197,0.00722035952196,2017-05-18 15:59:55,134582083,0.04959993,0.00722035,24686970,sell
3,0.01423125,0.000705869288438,2017-05-18 15:59:55,134582082,0.04959995,0.00070586,24686969,sell
0,0.00119415,5.92297564095e-05,2017-05-18 16:00:01,134582142,0.04959993,0.00005922,24686975,sell
1,0.00000423,2.098077039e-07,2017-05-18 16:00:00,134582137,0.04959993,0.00000020,24686974,sell
2,0.14674663,0.00727863138053,2017-05-18 16:00:00,134582135,0.04959999,0.00727863,24686973,buy
0,0.94429836,0.0468371325551,2017-05-18 16:00:15,134582279,0.04959993,0.04683713,24686999,sell
1,1.28061904,0.0635186659654,2017-05-18 16:00:15,134582278,0.04959997,0.06351866,24686998,sell
2,0.01563993,0.000775740058802,2017-05-18 16:00:14,134582276,0.04959997,0.00077574,24686997,sell
3,0.01386372,0.000687639680177,2017-05-18 16:00:11,134582259,0.04959994,0.00068763,24686996,sell
4,0.01360000,0.00067455932,2017-05-18 16:00:11,134582258,0.04959995,0.00067455,24686995,sell
5,49.69617509,2.46989990197,2017-05-18 16:00:11,134582250,0.04970000,2.46989990,24686994,buy
6,0.36417551,0.0180994864294,2017-05-18 16:00:11,134582249,0.04969990,0.01809948,24686993,buy
7,0.08519128,0.00422978879573,2017-05-18 16:00:11,134582248,0.04965049,0.00422978,24686992,buy
8,0.99880000,0.049560446012,2017-05-18 16:00:11,134582247,0.04961999,0.04956044,24686991,buy
9,1.03204852,0.0512101443575,2017-05-18 16:00:11,134582246,0.04961990,0.05121014,24686990,buy
10,6.59338861,0.327032470659,2017-05-18 16:00:11,134582245,0.04960006,0.32703247,24686989,buy
11,0.08468343,0.00420030236217,2017-05-18 16:00:11,134582244,0.04960005,0.00420030,24686988,buy
12,0.07612934,0.00377601907047,2017-05-18 16:00:11,134582243,0.04960005,0.00377601,24686987,buy
13,0.01137717,0.000564308200858,2017-05-18 16:00:11,134582242,0.04960005,0.00056430,24686986,buy
14,0.01375944,0.000682468911972,2017-05-18 16:00:11,134582241,0.04960005,0.00068246,24686985,buy
15,0.01804020,0.00089479482201,2017-05-18 16:00:11,134582240,0.04960005,0.00089479,24686984,buy
16,0.03655009,0.0018128862915,2017-05-18 16:00:11,134582239,0.04960005,0.00181288,24686983,buy
17,0.02805278,0.00139141929064,2017-05-18 16:00:11,134582238,0.04960005,0.00139141,24686982,buy
18,0.02874825,0.00142591463741,2017-05-18 16:00:11,134582237,0.04960005,0.00142591,24686981,buy
19,0.32003798,0.0158738870084,2017-05-18 16:00:11,134582236,0.04960001,0.01587388,24686980,buy
20,0.30382575,0.0150697572,2017-05-18 16:00:11,134582235,0.04960000,0.01506975,24686979,buy
21,5.04067916,0.250017686336,2017-05-18 16:00:11,134582234,0.04960000,0.25001768,24686978,buy
22,0.04737561,0.002349830256,2017-05-18 16:00:11,134582233,0.04960000,0.00234983,24686977,buy
23,0.02772179,0.00137500022956,2017-05-18 16:00:11,134582232,0.04959998,0.00137500,24686976,buy
0,0.00007520,3.729914736e-06,2017-05-18 16:00:17,134582296,0.04959993,0.00000372,24687001,sell
1,0.00000040,1.9839972e-08,2017-05-18 16:00:16,134582293,0.04959993,0.00000001,24687000,sell
0,0.20000000,0.00991999,2017-05-18 16:00:25,134582370,0.04959995,0.00991999,24687005,sell
1,0.00014193,7.0397194842e-06,2017-05-18 16:00:24,134582368,0.04959994,0.00000703,24687004,sell
2,0.00500000,0.0002485,2017-05-18 16:00:24,134582367,0.04970000,0.00024850,24687003,buy
3,0.30382491,0.015100098027,2017-05-18 16:00:24,134582366,0.04970000,0.01510009,24687002,buy
0,0.72144055,0.035783415208,2017-05-18 16:00:27,134582384,0.04959995,0.03578341,24687006,sell
0,4.90650773,0.243946412502,2017-05-18 16:00:42,134582502,0.04971895,0.24394641,24687017,buy
1,9.97870623,0.495941699631,2017-05-18 16:00:42,134582501,0.04970000,0.49594169,24687016,buy
2,0.02625366,0.001304806902,2017-05-18 16:00:40,134582484,0.04970000,0.00130480,24687015,buy
3,21.00000000,1.04538,2017-05-18 16:00:39,134582478,0.04978000,1.04538000,24687014,buy
4,0.09609859,0.00478242128825,2017-05-18 16:00:39,134582477,0.04976578,0.00478242,24687013,buy
5,0.00509646,0.000253597148476,2017-05-18 16:00:39,134582476,0.04975947,0.00025359,24687012,buy
6,0.00500000,0.00024879725,2017-05-18 16:00:39,134582475,0.04975945,0.00024879,24687011,buy
7,0.00243586,0.00012119726172,2017-05-18 16:00:39,134582474,0.04975543,0.00012119,24687010,buy
8,0.41237122,0.020514437267,2017-05-18 16:00:39,134582473,0.04974750,0.02051443,24687009,buy
9,0.05040322,0.0025072487031,2017-05-18 16:00:39,134582472,0.04974382,0.00250724,24687008,buy
10,0.05038302,0.0025051772694,2017-05-18 16:00:39,134582471,0.04972265,0.00250517,24687007,buy
0,0.00000060,2.983359e-08,2017-05-18 16:00:49,134582581,0.04972265,0.00000002,24687020,sell
1,4.73997088,0.235339554192,2017-05-18 16:00:49,134582574,0.04965000,0.23533955,24687019,buy
2,0.00109294,5.42098349294e-05,2017-05-18 16:00:49,134582573,0.04960001,0.00005420,24687018,sell
0,4.02620887,0.200193814732,2017-05-18 16:00:56,134582622,0.04972266,0.20019381,24687021,sell
0,0.30000000,0.014916795,2017-05-18 16:01:10,134582756,0.04972265,0.01491679,24687023,sell
1,0.63126048,0.0313879439059,2017-05-18 16:01:09,134582750,0.04972265,0.03138794,24687022,sell
0,0.06822760,0.00339245775742,2017-05-18 16:01:18,134582839,0.04972266,0.00339245,24687024,sell
0,0.00768201,0.000381969971347,2017-05-18 16:01:24,134583024,0.04972266,0.00038196,24687025,sell
0,0.03500000,0.00173600035,2017-05-18 16:01:30,134583144,0.04960001,0.00173600,24687033,buy
1,0.42465778,0.0210630301346,2017-05-18 16:01:29,134583130,0.04960001,0.02106303,24687032,sell
2,48.84451712,2.42269000293,2017-05-18 16:01:27,134583107,0.04960004,2.42269000,24687031,sell
3,39.32869335,1.95385971109,2017-05-18 16:01:27,134583106,0.04968026,1.95385971,24687030,sell
4,11.13567421,0.553695231258,2017-05-18 16:01:27,134583105,0.04972265,0.55369523,24687029,sell
5,0.69111532,0.0344102516694,2017-05-18 16:01:27,134583104,0.04978945,0.03441025,24687028,sell
6,0.47181213,0.0234597541239,2017-05-18 16:01:26,134583098,0.04972266,0.02345975,24687027,buy
7,0.52693703,0.0262007107841,2017-05-18 16:01:26,134583096,0.04972266,0.02620071,24687026,sell
0,2.61636285,0.129771623524,2017-05-18 16:01:34,134583169,0.04960001,0.12977162,24687034,buy
0,0.02016129,0.000999999984,2017-05-18 16:01:39,134583219,0.04960000,0.00099999,24687035,sell
0,0.22015309,0.0109195954655,2017-05-18 16:02:02,134583502,0.04960001,0.01091959,24687039,sell
1,0.00000080,3.968e-08,2017-05-18 16:01:59,134583472,0.04960000,0.00000003,24687038,sell
2,0.09299407,0.00462390880486,2017-05-18 16:01:58,134583464,0.04972262,0.00462390,24687037,buy
3,0.06007500,0.00297972,2017-05-18 16:01:57,134583454,0.04960000,0.00297972,24687036,sell
0,0.22015300,0.0109203461263,2017-05-18 16:02:11,134583582,0.04960344,0.01092034,24687040,buy
0,0.02026431,0.001007136207,2017-05-18 16:02:15,134583617,0.04970000,0.00100713,24687041,sell
0,0.00000040,1.988e-08,2017-05-18 16:02:22,134583668,0.04970000,0.00000001,24687043,sell
1,0.00000040,1.988e-08,2017-05-18 16:02:21,134583656,0.04970000,0.00000001,24687042,sell
0,3.17420731,0.157440460381,2017-05-18 16:02:27,134583726,0.04959993,0.15744046,24687052,sell
1,0.01110000,0.000550559445,2017-05-18 16:02:27,134583725,0.04959995,0.00055055,24687051,sell
2,0.01170000,0.000580319415,2017-05-18 16:02:27,134583724,0.04959995,0.00058031,24687050,sell
3,0.01230000,0.000610079385,2017-05-18 16:02:27,134583723,0.04959995,0.00061007,24687049,sell
4,0.01290000,0.000639839355,2017-05-18 16:02:27,134583722,0.04959995,0.00063983,24687048,sell
5,0.09974985,0.0049475895675,2017-05-18 16:02:27,134583721,0.04959997,0.00494758,24687047,sell
6,0.16406291,0.008137520336,2017-05-18 16:02:27,134583720,0.04960000,0.00813752,24687046,sell
7,0.22015300,0.0109203461263,2017-05-18 16:02:27,134583719,0.04960344,0.01092034,24687045,sell
8,0.25958189,0.012901219933,2017-05-18 16:02:27,134583718,0.04970000,0.01290121,24687044,sell
0,0.00566204,0.000281525574823,2017-05-18 16:02:35,134583814,0.04972158,0.00028152,24687055,sell
1,0.00004444,2.2096270152e-06,2017-05-18 16:02:34,134583803,0.04972158,0.00000220,24687054,sell
2,0.00000040,1.9839972e-08,2017-05-18 16:02:31,134583778,0.04959993,0.00000001,24687053,sell
0,0.43472181,0.021518729595,2017-05-18 16:02:40,134583861,0.04950000,0.02151872,24687063,sell
1,0.11843680,0.00586262396874,2017-05-18 16:02:39,134583860,0.04950002,0.00586262,24687062,sell
2,0.15964649,0.00790250444793,2017-05-18 16:02:39,134583859,0.04950002,0.00790250,24687061,sell
3,18.02492423,0.892235551877,2017-05-18 16:02:39,134583858,0.04950010,0.89223555,24687060,sell
4,0.45164750,0.0223566009312,2017-05-18 16:02:38,134583857,0.04950011,0.02235660,24687059,sell
5,0.00242617,0.000120111549031,2017-05-18 16:02:38,134583856,0.04950665,0.00012011,24687058,sell
6,0.00729092,0.000361629121636,2017-05-18 16:02:38,134583855,0.04959993,0.00036162,24687057,sell
7,0.00702513,0.000348445956241,2017-05-18 16:02:38,134583854,0.04959993,0.00034844,24687056,sell
0,0.00014101,6.9799964101e-06,2017-05-18 16:02:46,134583908,0.04950001,0.00000697,24687064,sell
0,1.00000000,0.04950001,2017-05-18 16:02:56,134584030,0.04950001,0.04950001,24687066,sell
1,0.00000040,1.9800004e-08,2017-05-18 16:02:52,134583989,0.04950001,0.00000001,24687065,sell
0,138.53150654,6.89884409002,2017-05-18 16:03:01,134584089,0.04979982,6.89884409,24687081,buy
1,0.20618561,0.0102659217281,2017-05-18 16:03:01,134584088,0.04978971,0.01026592,24687080,buy
2,0.00244080,0.000121440026952,2017-05-18 16:03:01,134584087,0.04975419,0.00012144,24687079,buy
3,0.00404623,0.000201189278109,2017-05-18 16:03:01,134584086,0.04972265,0.00020118,24687078,buy
4,0.00500000,0.00024861315,2017-05-18 16:03:01,134584085,0.04972263,0.00024861,24687077,buy
5,9.80000000,0.487281676,2017-05-18 16:03:01,134584084,0.04972262,0.48728167,24687076,buy
6,1.26394714,0.0628467254239,2017-05-18 16:03:01,134584083,0.04972259,0.06284672,24687075,buy
7,0.99932521,0.049666462937,2017-05-18 16:03:01,134584082,0.04970000,0.04966646,24687074,buy
8,64.65490679,3.21334757436,2017-05-18 16:03:01,134584081,0.04969998,3.21334757,24687073,buy
9,39.32775663,1.95458871796,2017-05-18 16:03:01,134584080,0.04969998,1.95458871,24687072,buy
10,1.42027199,0.0705874752948,2017-05-18 16:03:01,134584079,0.04969997,0.07058747,24687071,buy
11,1.00119940,0.049659420156,2017-05-18 16:03:01,134584078,0.04959993,0.04965942,24687070,buy
12,6.87495435,0.340310240325,2017-05-18 16:02:59,134584051,0.04950000,0.34031024,24687069,sell
13,0.44000014,0.02178000693,2017-05-18 16:02:59,134584050,0.04950000,0.02178000,24687068,sell
14,73.90386382,3.65824125909,2017-05-18 16:02:59,134584049,0.04950000,3.65824125,24687067,sell
0,0.00008424,4.1698808424e-06,2017-05-18 16:03:06,134584122,0.04950001,0.00000416,24687082,sell
0,0.50301811,0.0249496630447,2017-05-18 16:03:08,134584156,0.04959993,0.02494966,24687083,buy
0,0.00000262,1.296900524e-07,2017-05-18 16:03:17,134584193,0.04950002,0.00000012,24687085,sell
1,0.00000040,1.9800008e-08,2017-05-18 16:03:16,134584188,0.04950002,0.00000001,24687084,sell
0,0.00500000,0.00024799965,2017-05-18 16:03:22,134584258,0.04959993,0.00024799,24687090,sell
1,1.33786943,0.0663582300771,2017-05-18 16:03:21,134584218,0.04959993,0.06635823,24687089,buy
2,2.50413020,0.124204682631,2017-05-18 16:03:21,134584217,0.04959993,0.12420468,24687088,buy
3,5.29956147,0.262857824947,2017-05-18 16:03:21,134584216,0.04959992,0.26285782,24687087,buy
4,0.02016132,0.000999999859094,2017-05-18 16:03:20,134584211,0.04959992,0.00099999,24687086,buy
0,0.00000040,1.9839972e-08,2017-05-18 16:03:25,134584331,0.04959993,0.00000001,24687091,sell
0,0.00628634,0.000311802464,2017-05-18 16:03:30,134584381,0.04960000,0.00031180,24687092,buy
0,3.95810532,0.196717715661,2017-05-18 16:03:40,134584436,0.04969997,0.19671771,24687094,buy
1,5.79519473,0.288020946273,2017-05-18 16:03:40,134584435,0.04969996,0.28802094,24687093,buy
0,0.00004072,2.0197103712e-06,2017-05-18 16:03:45,134584492,0.04959996,0.00000201,24687098,sell
1,0.22448457,0.0111568763945,2017-05-18 16:03:44,134584464,0.04969997,0.01115687,24687097,buy
2,9.52881548,0.473581652915,2017-05-18 16:03:44,134584463,0.04969995,0.47358165,24687096,buy
3,1.00000000,0.04959996,2017-05-18 16:03:42,134584452,0.04959996,0.04959996,24687095,sell
0,48.76939851,2.43309602548,2017-05-18 16:03:50,134584548,0.04988981,2.43309602,24687120,buy
1,149.13513032,7.44032182464,2017-05-18 16:03:50,134584547,0.04988980,7.44032182,24687119,buy
2,2.20986769,0.110217151039,2017-05-18 16:03:50,134584546,0.04987500,0.11021715,24687118,buy
3,0.00500000,0.00024937485,2017-05-18 16:03:50,134584545,0.04987497,0.00024937,24687117,buy
4,0.08302294,0.00414058980295,2017-05-18 16:03:50,134584544,0.04987284,0.00414058,24687116,buy
5,0.61000598,0.0304217973304,2017-05-18 16:03:50,134584543,0.04987131,0.03042179,24687115,buy
6,0.03161414,0.00157651559732,2017-05-18 16:03:50,134584542,0.04986742,0.00157651,24687114,buy
7,0.01150401,0.000573661033382,2017-05-18 16:03:50,134584541,0.04986618,0.00057366,24687113,buy
8,0.06660993,0.0033187891387,2017-05-18 16:03:50,134584540,0.04982424,0.00331878,24687112,buy
9,0.01240558,0.000618091151911,2017-05-18 16:03:50,134584539,0.04982364,0.00061809,24687111,buy
10,130.23000000,6.4879635321,2017-05-18 16:03:50,134584538,0.04981927,6.48796353,24687110,buy
11,4.01918626,0.200213834332,2017-05-18 16:03:50,134584537,0.04981452,0.20021383,24687109,buy
12,0.39280000,0.019567143456,2017-05-18 16:03:50,134584536,0.04981452,0.01956714,24687108,buy
13,39.99000000,1.9918895031,2017-05-18 16:03:50,134584535,0.04980969,1.99188950,24687107,buy
14,0.00729220,0.00036319385476,2017-05-18 16:03:50,134584534,0.04980580,0.00036319,24687106,buy
15,1.10103478,0.0548315430543,2017-05-18 16:03:50,134584533,0.04980001,0.05483154,24687105,buy
16,0.23421200,0.0116637576,2017-05-18 16:03:50,134584532,0.04980000,0.01166375,24687104,buy
17,18.82729783,0.937596607839,2017-05-18 16:03:50,134584531,0.04979985,0.93759660,24687103,buy
18,1.92112485,0.0956715372488,2017-05-18 16:03:50,134584530,0.04979975,0.09567153,24687102,buy
19,3.01334380,0.150058494552,2017-05-18 16:03:50,134584529,0.04979800,0.15005849,24687101,buy
20,162.36257786,8.08532678139,2017-05-18 16:03:50,134584528,0.04979797,8.08532678,24687100,buy
21,9.65142214,0.480621230185,2017-05-18 16:03:47,134584512,0.04979797,0.48062123,24687099,buy
0,2.16241965,0.107256036264,2017-05-18 16:04:01,134584624,0.04960001,0.10725603,24687122,sell
1,0.18953722,0.009419999834,2017-05-18 16:04:01,134584623,0.04970000,0.00941999,24687121,sell
0,0.00000060,2.976e-08,2017-05-18 16:04:05,134584660,0.04960000,0.00000002,24687124,sell
1,0.00000040,1.9840004e-08,2017-05-18 16:04:04,134584646,0.04960001,0.00000001,24687123,sell
0,8.74895678,0.435679937303,2017-05-18 16:04:11,134584723,0.04979793,0.43567993,24687126,buy
1,0.08804322,0.0043843692261,2017-05-18 16:04:11,134584722,0.04979792,0.00438436,24687125,buy
0,1.88114800,0.0936772764236,2017-05-18 16:04:12,134584729,0.04979793,0.09367727,24687127,buy
0,0.47530726,0.0235752591083,2017-05-18 16:04:33,134584920,0.04960004,0.02357525,24687129,sell
1,0.00017560,8.709767024e-06,2017-05-18 16:04:32,134584914,0.04960004,0.00000870,24687128,sell
0,0.00000080,3.968004e-08,2017-05-18 16:04:33,134584928,0.04960005,0.00000003,24687130,sell
0,0.00000120,5.9757504e-08,2017-05-18 16:04:43,134585069,0.04979792,0.00000005,24687136,sell
1,0.99760000,0.049678414968,2017-05-18 16:04:43,134585066,0.04979793,0.04967841,24687135,buy
2,37.65721882,1.87525117022,2017-05-18 16:04:43,134585062,0.04979792,1.87525117,24687134,sell
3,1.05042017,0.052308739592,2017-05-18 16:04:41,134585026,0.04979792,0.05230873,24687133,sell
4,13.81946538,0.688180493241,2017-05-18 16:04:41,134585022,0.04979791,0.68818049,24687132,buy
5,0.00000040,1.9840024e-08,2017-05-18 16:04:40,134585007,0.04960006,0.00000001,24687131,sell
0,0.21982338,0.0109467470914,2017-05-18 16:04:49,134585124,0.04979792,0.01094674,24687137,sell
0,0.00000582,2.898238944e-07,2017-05-18 16:04:54,134585178,0.04979792,0.00000028,24687143,sell
1,0.00000120,5.9757504e-08,2017-05-18 16:04:51,134585149,0.04979792,0.00000005,24687142,sell
2,2.08903500,0.104029597807,2017-05-18 16:04:51,134585139,0.04979792,0.10402959,24687141,sell
3,0.99760000,0.049678414968,2017-05-18 16:04:51,134585135,0.04979793,0.04967841,24687140,buy
4,0.00000040,1.9919168e-08,2017-05-18 16:04:50,134585132,0.04979792,0.00000001,24687139,sell
5,0.10283460,0.00512094918403,2017-05-18 16:04:49,134585127,0.04979792,0.00512094,24687138,sell
0,6.09397423,0.303467180248,2017-05-18 16:04:59,134585275,0.04979791,0.30346718,24687148,sell
1,5.88407303,0.293014598022,2017-05-18 16:04:59,134585274,0.04979792,0.29301459,24687147,sell
2,13.70000069,0.682231538361,2017-05-18 16:04:58,134585248,0.04979792,0.68223153,24687146,sell
3,0.46696456,0.0232538638017,2017-05-18 16:04:57,134585247,0.04979792,0.02325386,24687145,buy
4,0.00330897,0.000164779790253,2017-05-18 16:04:55,134585187,0.04979791,0.00016477,24687144,sell
0,0.10000000,0.004969999,2017-05-18 16:05:07,134585348,0.04969999,0.00496999,24687151,buy
1,17.01850000,0.84411930185,2017-05-18 16:05:07,134585340,0.04960010,0.84411930,24687150,sell
2,3.01583660,0.149585796944,2017-05-18 16:05:05,134585331,0.04960010,0.14958579,24687149,sell
0,0.00000120,5.9639988e-08,2017-05-18 16:05:20,134585466,0.04969999,0.00000005,24687156,sell
1,29.99929734,1.49096477781,2017-05-18 16:05:19,134585447,0.04969999,1.49096477,24687155,sell
2,0.47478850,0.0235969837021,2017-05-18 16:05:18,134585434,0.04969999,0.02359698,24687154,buy
3,5.40959986,0.268857058946,2017-05-18 16:05:18,134585433,0.04969999,0.26885705,24687153,buy
4,0.99760000,0.049580710024,2017-05-18 16:05:17,134585424,0.04969999,0.04958071,24687152,buy
0,0.99760000,0.04958072,2017-05-18 16:05:26,134585529,0.04970000,0.04958072,24687160,buy
1,0.02020596,0.00100423600994,2017-05-18 16:05:23,134585495,0.04969999,0.00100423,24687159,sell
2,0.50110433,0.024904885201,2017-05-18 16:05:21,134585476,0.04970000,0.02490488,24687158,buy
3,0.10309281,0.00512371162607,2017-05-18 16:05:21,134585470,0.04969999,0.00512371,24687157,sell
0,2.57030700,0.1277442579,2017-05-18 16:05:30,134585588,0.04970000,0.12774425,24687164,buy
1,0.02020596,0.00100423600994,2017-05-18 16:05:29,134585577,0.04969999,0.00100423,24687163,sell
2,0.00000120,5.9639988e-08,2017-05-18 16:05:27,134585548,0.04969999,0.00000005,24687162,sell
3,2.07479992,0.103117535276,2017-05-18 16:05:27,134585547,0.04969999,0.10311753,24687161,sell
0,0.00000040,1.984004e-08,2017-05-18 16:05:36,134585659,0.04960010,0.00000001,24687167,sell
1,0.00044818,2.2229772818e-05,2017-05-18 16:05:36,134585652,0.04960010,0.00002222,24687166,sell
2,0.02020596,0.00100423600994,2017-05-18 16:05:34,134585641,0.04969999,0.00100423,24687165,sell
0,0.00000120,5.9520132e-08,2017-05-18 16:05:38,134585673,0.04960011,0.00000005,24687168,sell
0,15.92364387,0.790192037149,2017-05-18 16:05:46,134585755,0.04962382,0.79019203,24687170,buy
1,4.07566673,0.20225015219,2017-05-18 16:05:45,134585750,0.04962382,0.20225015,24687169,buy
0,2.60000000,0.129038,2017-05-18 16:05:49,134585783,0.04963000,0.12903800,24687171,buy
0,0.00000040,1.986e-08,2017-05-18 16:05:55,134585824,0.04965000,0.00000001,24687173,sell
1,0.00000040,1.986e-08,2017-05-18 16:05:54,134585810,0.04965000,0.00000001,24687172,sell
0,0.00000040,1.9849532e-08,2017-05-18 16:05:59,134585865,0.04962383,0.00000001,24687176,sell
1,194.21290402,9.63758619077,2017-05-18 16:05:58,134585852,0.04962382,9.63758619,24687175,sell
2,7.39999920,0.36740996028,2017-05-18 16:05:58,134585851,0.04965000,0.36740996,24687174,sell
0,1.86432400,0.0926568841568,2017-05-18 16:06:04,134585895,0.04969999,0.09265688,24687177,buy
0,9.10000000,0.45136091,2017-05-18 16:06:13,134585958,0.04960010,0.45136091,24687181,buy
1,0.40277642,0.0199777507096,2017-05-18 16:06:12,134585951,0.04960010,0.01997775,24687180,sell
2,1.00000000,0.04960011,2017-05-18 16:06:12,134585950,0.04960011,0.04960011,24687179,sell
3,3.27053216,0.162218754895,2017-05-18 16:06:12,134585949,0.04960011,0.16221875,24687178,sell
0,0.10000000,0.004971914,2017-05-18 16:06:24,134586144,0.04971914,0.00497191,24687186,buy
1,0.00639215,0.000317689855,2017-05-18 16:06:23,134586054,0.04970000,0.00031768,24687185,sell
2,50.00000000,2.485,2017-05-18 16:06:22,134586053,0.04970000,2.48500000,24687184,sell
3,0.00000787,3.912896318e-07,2017-05-18 16:06:20,134586043,0.04971914,0.00000039,24687183,buy
4,1.58119142,0.0784272525511,2017-05-18 16:06:19,134586038,0.04960010,0.07842725,24687182,buy
0,67.28260255,3.34394534673,2017-05-18 16:06:27,134586170,0.04970000,3.34394534,24687189,sell
1,0.00000040,1.988e-08,2017-05-18 16:06:27,134586159,0.04970000,0.00000001,24687188,sell
2,0.00004668,2.319996e-06,2017-05-18 16:06:25,134586149,0.04970000,0.00000231,24687187,sell
0,0.01734400,0.00086026344064,2017-05-18 16:06:33,134586198,0.04960006,0.00086026,24687190,sell
0,0.02022122,0.00100297352306,2017-05-18 16:06:40,134586233,0.04960005,0.00100297,24687191,sell
0,0.02022122,0.00100297453412,2017-05-18 16:06:46,134586266,0.04960010,0.00100297,24687193,sell
1,0.02022122,0.00100297352306,2017-05-18 16:06:43,134586248,0.04960005,0.00100297,24687192,sell
0,0.03100535,0.00153786846054,2017-05-18 16:06:51,134586328,0.04960010,0.00153786,24687197,sell
1,0.03100535,0.00153786846054,2017-05-18 16:06:49,134586292,0.04960010,0.00153786,24687196,sell
2,0.00000100,4.96001e-08,2017-05-18 16:06:48,134586291,0.04960010,0.00000004,24687195,sell
3,0.00000040,1.984004e-08,2017-05-18 16:06:47,134586273,0.04960010,0.00000001,24687194,sell
0,4.36007500,0.216363533386,2017-05-18 16:06:55,134586381,0.04962381,0.21636353,24687200,buy
1,0.03098703,0.0015369597867,2017-05-18 16:06:54,134586374,0.04960010,0.00153695,24687199,sell
2,0.03098703,0.0015369597867,2017-05-18 16:06:54,134586373,0.04960010,0.00153695,24687198,sell
0,0.03098703,0.00153696009657,2017-05-18 16:07:01,134586449,0.04960011,0.00153696,24687204,sell
1,0.02022122,0.00100297453412,2017-05-18 16:06:59,134586426,0.04960010,0.00100297,24687203,sell
2,0.00000040,1.984004e-08,2017-05-18 16:06:58,134586423,0.04960010,0.00000001,24687202,sell
3,0.00254854,0.000126407838854,2017-05-18 16:06:58,134586422,0.04960010,0.00012640,24687201,sell
0,0.00001290,6.3984129e-07,2017-05-18 16:07:06,134586510,0.04960010,0.00000063,24687205,sell
0,4.97976459,0.246997170224,2017-05-18 16:07:10,134586577,0.04960017,0.24699717,24687213,sell
1,13.70062518,0.681605828692,2017-05-18 16:07:09,134586575,0.04974998,0.68160582,24687212,buy
2,0.00500000,0.0002485,2017-05-18 16:07:09,134586574,0.04970000,0.00024850,24687211,buy
3,0.05114271,0.00254179217557,2017-05-18 16:07:09,134586573,0.04969999,0.00254179,24687210,buy
4,1.30509140,0.0648630164782,2017-05-18 16:07:09,134586572,0.04969998,0.06486301,24687209,buy
5,0.01510574,0.000749999991,2017-05-18 16:07:09,134586571,0.04965000,0.00074999,24687208,buy
6,1.33907820,0.0664501755627,2017-05-18 16:07:09,134586570,0.04962382,0.06645017,24687207,buy
7,0.02023541,0.00100367977602,2017-05-18 16:07:07,134586518,0.04960017,0.00100367,24687206,sell
0,0.00000040,1.984004e-08,2017-05-18 16:07:23,134586666,0.04960010,0.00000001,24687218,sell
1,0.00004072,2.019716072e-06,2017-05-18 16:07:20,134586655,0.04960010,0.00000201,24687217,sell
2,0.05308353,0.00263294892719,2017-05-18 16:07:20,134586652,0.04960011,0.00263294,24687216,buy
3,8.88497347,0.440695661459,2017-05-18 16:07:20,134586651,0.04960011,0.44069566,24687215,buy
4,3.02216194,0.149899564662,2017-05-18 16:07:19,134586647,0.04960011,0.14989956,24687214,buy
0,2.24880735,0.111878165663,2017-05-18 16:07:25,134586695,0.04975000,0.11187816,24687222,buy
1,16.61436202,0.826051791283,2017-05-18 16:07:25,134586694,0.04971914,0.82605179,24687221,buy
2,0.94627103,0.0469351471778,2017-05-18 16:07:25,134586693,0.04960011,0.04693514,24687220,buy
3,0.00004717,2.339636717e-06,2017-05-18 16:07:24,134586686,0.04960010,0.00000233,24687219,sell
0,0.00000040,1.9849528e-08,2017-05-18 16:07:33,134586779,0.04962382,0.00000001,24687224,sell
1,0.02022640,0.00100371123285,2017-05-18 16:07:29,134586741,0.04962382,0.00100371,24687223,sell
0,3.03072300,0.1506269331,2017-05-18 16:07:39,134586856,0.04970000,0.15062693,24687229,buy
1,2.76112110,0.13722771867,2017-05-18 16:07:38,134586838,0.04970000,0.13722771,24687228,buy
2,0.12708890,0.00631631705911,2017-05-18 16:07:38,134586837,0.04969999,0.00631631,24687227,buy
3,0.00349734,0.000173551370639,2017-05-18 16:07:37,134586834,0.04962382,0.00017355,24687226,sell
4,0.02027223,0.00100598549252,2017-05-18 16:07:36,134586815,0.04962382,0.00100598,24687225,sell
0,9.82410399,0.487274870217,2017-05-18 16:07:44,134586912,0.04959993,0.48727487,24687242,sell
1,2.25632738,0.111913680105,2017-05-18 16:07:44,134586911,0.04959993,0.11191368,24687241,sell
2,0.00950000,0.000471199525,2017-05-18 16:07:44,134586910,0.04959995,0.00047119,24687240,sell
3,0.01000000,0.0004959995,2017-05-18 16:07:44,134586909,0.04959995,0.00049599,24687239,sell
4,0.01050000,0.000520799475,2017-05-18 16:07:44,134586908,0.04959995,0.00052079,24687238,sell
5,0.04690781,0.00232662972139,2017-05-18 16:07:44,134586907,0.04960005,0.00232662,24687237,sell
6,0.23614627,0.0117128786066,2017-05-18 16:07:44,134586906,0.04960010,0.01171287,24687236,sell
7,22.41740782,1.11243741053,2017-05-18 16:07:44,134586905,0.04962382,1.11243741,24687235,sell
8,5.94766180,0.295145758061,2017-05-18 16:07:44,134586904,0.04962383,0.29514575,24687234,sell
9,1.54828773,0.0768319516217,2017-05-18 16:07:41,134586872,0.04962382,0.07683195,24687233,sell
10,0.02027223,0.00100598549252,2017-05-18 16:07:41,134586867,0.04962382,0.00100598,24687232,sell
11,0.03096809,0.0015367549239,2017-05-18 16:07:40,134586858,0.04962382,0.00153675,24687231,sell
12,0.00027627,1.37095727514e-05,2017-05-18 16:07:40,134586857,0.04962382,0.00001370,24687230,sell
0,0.00000040,1.9832288e-08,2017-05-18 16:07:50,134586960,0.04958072,0.00000001,24687243,sell
0,0.01008066,0.000500000030354,2017-05-18 16:08:00,134587021,0.04959993,0.00050000,24687245,buy
1,0.02027223,0.00100449953806,2017-05-18 16:07:58,134587009,0.04955052,0.00100449,24687244,sell
0,0.02027394,0.00100558600482,2017-05-18 16:08:05,134587070,0.04959993,0.00100558,24687251,sell
1,1.00049753,0.0496247775378,2017-05-18 16:08:04,134587063,0.04960010,0.04962477,24687250,buy
2,0.00500000,0.00024799965,2017-05-18 16:08:03,134587058,0.04959993,0.00024799,24687249,buy
3,5.78816308,0.287092483597,2017-05-18 16:08:03,134587057,0.04959993,0.28709248,24687248,buy
4,0.00000121,5.99561292e-08,2017-05-18 16:08:02,134587032,0.04955052,0.00000005,24687247,sell
5,0.00000040,1.9820208e-08,2017-05-18 16:08:01,134587023,0.04955052,0.00000001,24687246,sell
0,0.63311825,0.0313713448402,2017-05-18 16:08:09,134587093,0.04955053,0.03137134,24687253,sell
1,14.34788175,0.711653930448,2017-05-18 16:08:09,134587092,0.04959993,0.71165393,24687252,sell
0,3.12605294,0.154897579985,2017-05-18 16:08:13,134587120,0.04955053,0.15489757,24687255,sell
1,19.84002211,0.983083610762,2017-05-18 16:08:12,134587110,0.04955053,0.98308361,24687254,sell
0,0.00002260,1.119842204e-06,2017-05-18 16:08:21,134587244,0.04955054,0.00000111,24687262,sell
1,0.00000040,1.9820216e-08,2017-05-18 16:08:20,134587202,0.04955054,0.00000001,24687261,sell
2,0.00001513,7.496996702e-07,2017-05-18 16:08:19,134587197,0.04955054,0.00000074,24687260,sell
3,1.00749333,0.0499717799923,2017-05-18 16:08:19,134587195,0.04960011,0.04997177,24687259,buy
4,1.00359090,0.0497782089991,2017-05-18 16:08:19,134587194,0.04960010,0.04977820,24687258,buy
5,14.00000000,0.69370756,2017-05-18 16:08:19,134587192,0.04955054,0.69370756,24687257,sell
6,0.02027394,0.00100458467493,2017-05-18 16:08:18,134587187,0.04955054,0.00100458,24687256,sell
0,0.02043896,0.00101276089187,2017-05-18 16:08:26,134587394,0.04955051,0.00101276,24687266,sell
1,4.92616562,0.24433835663,2017-05-18 16:08:25,134587373,0.04960011,0.24433835,24687265,buy
2,0.00051583,2.55596395733e-05,2017-05-18 16:08:24,134587275,0.04955051,0.00002555,24687264,sell
3,0.00086820,4.3019778828e-05,2017-05-18 16:08:23,134587263,0.04955054,0.00004301,24687263,sell
0,0.16882442,0.00837370811444,2017-05-18 16:08:32,134587466,0.04960010,0.00837370,24687267,buy
0,2.29591315,0.113662968747,2017-05-18 16:08:34,134587483,0.04950665,0.11366296,24687271,sell
1,0.04470652,0.00221523086633,2017-05-18 16:08:34,134587482,0.04955051,0.00221523,24687270,sell
2,3.27172937,0.162115891583,2017-05-18 16:08:34,134587481,0.04955052,0.16211589,24687269,sell
3,0.01748617,0.000866448641447,2017-05-18 16:08:34,134587476,0.04955051,0.00086644,24687268,sell
0,2.28604331,0.113174346033,2017-05-18 16:08:43,134587590,0.04950665,0.11317434,24687276,sell
1,3.27092438,0.161932541166,2017-05-18 16:08:43,134587589,0.04950666,0.16193254,24687275,sell
2,0.02031152,0.00100555531161,2017-05-18 16:08:40,134587540,0.04950665,0.00100555,24687274,sell
3,0.30131150,0.0149301445201,2017-05-18 16:08:40,134587534,0.04955053,0.01493014,24687273,buy
4,0.07081445,0.00350889211287,2017-05-18 16:08:40,134587533,0.04955051,0.00350889,24687272,buy
0,0.02031152,0.00100644617488,2017-05-18 16:08:46,134587641,0.04955051,0.00100644,24687280,sell
1,0.00000040,1.9820204e-08,2017-05-18 16:08:44,134587610,0.04955051,0.00000001,24687279,sell
2,3.68728020,0.182889503521,2017-05-18 16:08:44,134587601,0.04960011,0.18288950,24687278,buy
3,0.71564312,0.0354604958869,2017-05-18 16:08:44,134587600,0.04955053,0.03546049,24687277,buy
0,0.02031152,0.00100644637799,2017-05-18 16:08:52,134587683,0.04955052,0.00100644,24687281,sell
0,20.74541165,1.02897469984,2017-05-18 16:08:58,134587726,0.04960011,1.02897469,24687283,buy
1,0.60051385,0.0297557675296,2017-05-18 16:08:58,134587725,0.04955051,0.02975576,24687282,sell
0,0.00000625,3.0969075e-07,2017-05-18 16:09:05,134587799,0.04955052,0.00000030,24687284,sell
0,0.00001291,6.396970841e-07,2017-05-18 16:09:10,134587839,0.04955051,0.00000063,24687291,sell
1,6.51579045,0.322860805009,2017-05-18 16:09:08,134587819,0.04955052,0.32286080,24687290,sell
2,0.00001231,6.099669012e-07,2017-05-18 16:09:07,134587811,0.04955052,0.00000060,24687289,sell
3,0.00000040,1.9820208e-08,2017-05-18 16:09:07,134587808,0.04955052,0.00000001,24687288,sell
4,0.00000040,1.9820208e-08,2017-05-18 16:09:06,134587805,0.04955052,0.00000001,24687287,sell
5,0.00000040,1.9820208e-08,2017-05-18 16:09:06,134587804,0.04955052,0.00000001,24687286,sell
6,0.00000040,1.9820208e-08,2017-05-18 16:09:06,134587802,0.04955052,0.00000001,24687285,sell
0,6.75639822,0.334783045128,2017-05-18 16:09:11,134587844,0.04955052,0.33478304,24687292,buy
0,0.80000000,0.039680088,2017-05-18 16:09:26,134587975,0.04960011,0.03968008,24687294,buy
1,0.16285332,0.00807751327227,2017-05-18 16:09:25,134587965,0.04959993,0.00807751,24687293,sell
0,10.55219342,0.523388054978,2017-05-18 16:09:32,134588034,0.04959993,0.52338805,24687296,sell
1,8.02003028,0.397793020686,2017-05-18 16:09:32,134588033,0.04959994,0.39779302,24687295,sell
0,0.00000040,1.9839972e-08,2017-05-18 16:09:35,134588062,0.04959993,0.00000001,24687298,sell
1,0.00024435,1.21197428955e-05,2017-05-18 16:09:33,134588048,0.04959993,0.00001211,24687297,sell
0,0.02031666,0.00100770491383,2017-05-18 16:09:42,134588119,0.04959993,0.00100770,24687301,sell
1,0.15576883,0.00772615110257,2017-05-18 16:09:38,134588078,0.04960011,0.00772615,24687300,buy
2,0.00000040,1.9839972e-08,2017-05-18 16:09:38,134588076,0.04959993,0.00000001,24687299,sell
0,0.00000040,1.9839972e-08,2017-05-18 16:09:47,134588180,0.04959993,0.00000001,24687304,sell
1,0.97892989,0.0485548540189,2017-05-18 16:09:46,134588177,0.04959993,0.04855485,24687303,sell
2,0.02737837,0.00135796988984,2017-05-18 16:09:46,134588176,0.04960010,0.00135796,24687302,sell
0,0.00000040,1.9839976e-08,2017-05-18 16:09:52,134588219,0.04959994,0.00000001,24687306,sell
1,0.02034477,0.00100909937131,2017-05-18 16:09:51,134588210,0.04959994,0.00100909,24687305,sell
0,19.69356453,0.976802573109,2017-05-18 16:09:58,134588255,0.04960009,0.97680257,24687309,buy
1,9.97500000,0.49476089775,2017-05-18 16:09:58,134588254,0.04960009,0.49476089,24687308,buy
2,20.02002002,0.992994794794,2017-05-18 16:09:57,134588249,0.04960009,0.99299479,24687307,buy
0,2.01108425,0.0997499597976,2017-05-18 16:10:04,134588309,0.04960009,0.09974995,24687311,buy
1,0.02034648,0.00100918418721,2017-05-18 16:09:59,134588265,0.04959994,0.00100918,24687310,sell
0,0.02500000,0.00124000225,2017-05-18 16:10:11,134588354,0.04960009,0.00124000,24687312,buy
0,0.00000040,1.9839972e-08,2017-05-18 16:10:20,134588420,0.04959993,0.00000001,24687315,sell
1,1.43437000,0.0711446515941,2017-05-18 16:10:19,134588411,0.04959993,0.07114465,24687314,sell
2,0.00000846,4.196154078e-07,2017-05-18 16:10:17,134588378,0.04959993,0.00000041,24687313,sell
0,20.49575173,1.01659113043,2017-05-18 16:10:23,134588452,0.04960009,1.01659113,24687316,buy
0,18.72802179,0.928911566306,2017-05-18 16:10:30,134588677,0.04960009,0.92891156,24687317,buy
0,3.38007308,0.167651421964,2017-05-18 16:10:32,134588693,0.04959994,0.16765142,24687318,sell
0,0.00002177,1.0797904761e-06,2017-05-18 16:10:41,134588756,0.04959993,0.00000107,24687319,sell
0,0.00000040,1.9839972e-08,2017-05-18 16:10:45,134588784,0.04959993,0.00000001,24687323,sell
1,0.21259697,0.0105448245938,2017-05-18 16:10:44,134588782,0.04960007,0.01054482,24687322,buy
2,0.03000000,0.0014880021,2017-05-18 16:10:44,134588778,0.04960007,0.00148800,24687321,buy
3,0.67566622,0.0335129972154,2017-05-18 16:10:43,134588777,0.04959993,0.03351299,24687320,sell
0,0.02038720,0.0010112036929,2017-05-18 16:10:52,134588853,0.04959993,0.00101120,24687325,sell
1,0.00001532,7.598709276e-07,2017-05-18 16:10:50,134588826,0.04959993,0.00000075,24687324,sell
0,65.19101688,3.22695598747,2017-05-18 16:10:56,134588895,0.04950001,3.22695598,24687335,sell
1,0.00243108,0.000120351612143,2017-05-18 16:10:56,134588894,0.04950541,0.00012035,24687334,sell
2,0.12468747,0.00617285893668,2017-05-18 16:10:56,134588893,0.04950665,0.00617285,24687333,sell
3,45.27273202,2.24130129866,2017-05-18 16:10:56,134588892,0.04950665,2.24130129,24687332,sell
4,0.02493743,0.00123566262396,2017-05-18 16:10:56,134588891,0.04955052,0.00123566,24687331,sell
5,9.97500000,0.494266437,2017-05-18 16:10:56,134588890,0.04955052,0.49426643,24687330,sell
6,29.40848756,1.45865892438,2017-05-18 16:10:56,134588889,0.04959993,1.45865892,24687329,sell
7,0.02038549,0.00101111887702,2017-05-18 16:10:56,134588884,0.04959993,0.00101111,24687328,sell
8,0.00005060,2.509756458e-06,2017-05-18 16:10:54,134588869,0.04959993,0.00000250,24687327,sell
9,0.00000040,1.9839972e-08,2017-05-18 16:10:53,134588863,0.04959993,0.00000001,24687326,sell
0,0.02038549,0.00100908195885,2017-05-18 16:11:03,134588932,0.04950001,0.00100908,24687336,sell
0,2.00100000,0.09924970005,2017-05-18 16:11:08,134589006,0.04960005,0.09924970,24687337,buy
0,1.10000000,0.054560055,2017-05-18 16:11:11,134589049,0.04960005,0.05456005,24687338,buy
0,0.66454630,0.0329615297073,2017-05-18 16:11:16,134589087,0.04960005,0.03296152,24687339,buy
0,4.41693760,0.218638499539,2017-05-18 16:11:27,134589180,0.04950002,0.21863849,24687341,sell
1,0.58306240,0.0289198542256,2017-05-18 16:11:27,134589179,0.04959993,0.02891985,24687340,sell
0,0.26517382,0.0131526029098,2017-05-18 16:11:39,134589286,0.04959993,0.01315260,24687345,buy
1,8.01007793,0.396499017737,2017-05-18 16:11:38,134589283,0.04950002,0.39649901,24687344,sell
2,0.59120794,0.0292648048542,2017-05-18 16:11:38,134589280,0.04950002,0.02926480,24687343,sell
3,0.00000040,1.9800012e-08,2017-05-18 16:11:36,134589257,0.04950003,0.00000001,24687342,sell
0,0.95000000,0.0470250285,2017-05-18 16:11:44,134589340,0.04950003,0.04702502,24687346,sell
0,0.00053999,2.67295211997e-05,2017-05-18 16:11:47,134589353,0.04950003,0.00002672,24687347,sell
0,0.02020099,0.00100174022678,2017-05-18 16:11:55,134589417,0.04958867,0.00100174,24687349,sell
1,0.00274457,0.000136099576022,2017-05-18 16:11:54,134589406,0.04958867,0.00013609,24687348,sell
0,0.00922510,0.000457460439617,2017-05-18 16:12:10,134589534,0.04958867,0.00045746,24687351,sell
1,0.00274457,0.000136099576022,2017-05-18 16:12:09,134589506,0.04958867,0.00013609,24687350,buy
0,0.00630100,0.00031190057117,2017-05-18 16:12:16,134589606,0.04950017,0.00031190,24687352,sell
0,0.01305199,0.000646075854358,2017-05-18 16:12:20,134589634,0.04950018,0.00064607,24687355,sell
1,0.00000040,1.9800072e-08,2017-05-18 16:12:20,134589631,0.04950018,0.00000001,24687354,sell
2,0.11393164,0.00564971849852,2017-05-18 16:12:19,134589627,0.04958867,0.00564971,24687353,buy
0,2.09350600,0.103628902896,2017-05-18 16:12:26,134589669,0.04950017,0.10362890,24687356,sell
0,2.28463992,0.113090132968,2017-05-18 16:12:33,134589740,0.04950020,0.11309013,24687357,sell
0,0.00000040,1.980008e-08,2017-05-18 16:12:43,134589799,0.04950020,0.00000001,24687358,sell
0,0.12475837,0.00618660039208,2017-05-18 16:12:49,134589841,0.04958866,0.00618660,24687360,buy
1,1.87174467,0.0928173100474,2017-05-18 16:12:47,134589819,0.04958866,0.09281731,24687359,buy
0,2.01659009,0.100000000332,2017-05-18 16:12:55,134589881,0.04958866,0.10000000,24687361,buy
0,0.00000040,1.980008e-08,2017-05-18 16:12:56,134589899,0.04950020,0.00000001,24687363,sell
1,0.00003212,1.589946424e-06,2017-05-18 16:12:56,134589887,0.04950020,0.00000158,24687362,sell
0,0.07780388,0.003858190152,2017-05-18 16:13:16,134590185,0.04958866,0.00385819,24687368,buy
1,4.90907029,0.243434266618,2017-05-18 16:13:12,134590073,0.04958867,0.24343426,24687367,buy
2,0.00500000,0.0002479433,2017-05-18 16:13:12,134590072,0.04958866,0.00024794,24687366,buy
3,3.36690687,0.166960400028,2017-05-18 16:13:12,134590071,0.04958866,0.16696040,24687365,buy
4,0.18145079,0.00899789971753,2017-05-18 16:13:12,134590070,0.04958865,0.00899789,24687364,buy
0,1.75888898,0.0872209651959,2017-05-18 16:13:22,134590234,0.04958867,0.08722096,24687372,buy
1,9.50102166,0.47114293275,2017-05-18 16:13:22,134590233,0.04958866,0.47114293,24687371,buy
2,1.00000000,0.04950022,2017-05-18 16:13:21,134590227,0.04950022,0.04950022,24687370,sell
3,1.08688663,0.0538011164312,2017-05-18 16:13:17,134590191,0.04950021,0.05380111,24687369,sell
0,0.61228603,0.0303082870651,2017-05-18 16:13:26,134590272,0.04950021,0.03030828,24687373,sell
0,3.38942221,0.167777077279,2017-05-18 16:13:31,134590344,0.04950020,0.16777707,24687376,sell
1,0.90053632,0.0445767369526,2017-05-18 16:13:31,134590343,0.04950021,0.04457673,24687375,sell
2,10.65009776,0.527182182142,2017-05-18 16:13:31,134590342,0.04950022,0.52718218,24687374,sell
0,0.02027468,0.00100360071494,2017-05-18 16:13:38,134590402,0.04950020,0.00100360,24687380,sell
1,3.49218265,0.173172693011,2017-05-18 16:13:37,134590400,0.04958867,0.17317269,24687379,buy
2,1.51282235,0.0748850240177,2017-05-18 16:13:37,134590399,0.04950021,0.07488502,24687378,buy
3,0.01008295,0.000499999979347,2017-05-18 16:13:34,134590375,0.04958866,0.00049999,24687377,buy
0,0.02027468,0.00100360091768,2017-05-18 16:13:41,134590434,0.04950021,0.00100360,24687382,sell
1,1.90971318,0.0945311843526,2017-05-18 16:13:39,134590414,0.04950020,0.09453118,24687381,sell
0,0.02027638,0.00100368486528,2017-05-18 16:13:47,134590496,0.04950020,0.00100368,24687385,sell
1,0.00000040,1.980008e-08,2017-05-18 16:13:45,134590470,0.04950020,0.00000001,24687384,sell
2,1.88943443,0.0935273821719,2017-05-18 16:13:45,134590466,0.04950020,0.09352738,24687383,sell
0,0.00000040,1.9800084e-08,2017-05-18 16:13:51,134590532,0.04950021,0.00000001,24687386,sell
0,0.02027638,0.00100368486528,2017-05-18 16:13:56,134590567,0.04950020,0.00100368,24687387,sell
0,0.00000040,1.980008e-08,2017-05-18 16:14:04,134590658,0.04950020,0.00000001,24687390,sell
1,0.02027638,0.00100368506804,2017-05-18 16:14:03,134590621,0.04950021,0.00100368,24687389,sell
2,5.23718370,0.259241692959,2017-05-18 16:14:02,134590620,0.04950021,0.25924169,24687388,sell
0,1.79366984,0.0889122139688,2017-05-18 16:14:10,134590698,0.04957000,0.08891221,24687396,buy
1,0.02027638,0.00100368486528,2017-05-18 16:14:10,134590694,0.04950020,0.00100368,24687395,sell
2,0.20333017,0.0100790765269,2017-05-18 16:14:09,134590693,0.04957000,0.01007907,24687394,buy
3,1.69366983,0.0839551965364,2017-05-18 16:14:09,134590692,0.04956999,0.08395519,24687393,buy
4,0.02622289,0.00129986839507,2017-05-18 16:14:09,134590688,0.04956999,0.00129986,24687392,buy
5,0.10000000,0.004956999,2017-05-18 16:14:06,134590666,0.04956999,0.00495699,24687391,buy
0,0.99994582,0.0494975280786,2017-05-18 16:14:12,134590718,0.04950021,0.04949752,24687397,sell
0,0.00000040,1.9800084e-08,2017-05-18 16:14:19,134590768,0.04950021,0.00000001,24687398,sell
0,0.00000545,2.6977609e-07,2017-05-18 16:14:21,134590780,0.04950020,0.00000026,24687399,sell
0,5.50485947,0.272903353177,2017-05-18 16:14:29,134590837,0.04957499,0.27290335,24687400,buy
0,0.01008573,0.00050000006475,2017-05-18 16:14:36,134590916,0.04957500,0.00050000,24687406,buy
1,0.00000040,1.980008e-08,2017-05-18 16:14:34,134590872,0.04950020,0.00000001,24687405,sell
2,6.43605028,0.318648849363,2017-05-18 16:14:33,134590869,0.04951000,0.31864884,24687404,sell
3,9.93861000,0.492706491364,2017-05-18 16:14:33,134590868,0.04957499,0.49270649,24687403,sell
4,4.47486415,0.221841345488,2017-05-18 16:14:33,134590867,0.04957499,0.22184134,24687402,sell
5,0.02027638,0.00100520133574,2017-05-18 16:14:32,134590866,0.04957499,0.00100520,24687401,sell
0,0.57008783,0.0282764133768,2017-05-18 16:14:40,134590947,0.04960010,0.02827641,24687420,buy
1,0.02772172,0.00137499980695,2017-05-18 16:14:40,134590946,0.04960009,0.00137499,24687419,buy
2,0.00500000,0.0002480003,2017-05-18 16:14:40,134590945,0.04960006,0.00024800,24687418,buy
3,0.09975000,0.004947278805,2017-05-18 16:14:40,134590944,0.04959678,0.00494727,24687417,buy
4,7.73359266,0.383508860009,2017-05-18 16:14:40,134590943,0.04959000,0.38350886,24687416,buy
5,69.71670134,3.45715849624,2017-05-18 16:14:40,134590942,0.04958867,3.45715849,24687415,buy
6,1.74932145,0.0867465066148,2017-05-18 16:14:40,134590941,0.04958866,0.08674650,24687414,buy
7,0.05336054,0.00264607767548,2017-05-18 16:14:40,134590936,0.04958866,0.00264607,24687413,buy
8,0.00500000,0.000247875,2017-05-18 16:14:40,134590935,0.04957500,0.00024787,24687412,buy
9,0.15862433,0.00786380115975,2017-05-18 16:14:40,134590934,0.04957500,0.00786380,24687411,buy
10,0.02997131,0.00148582769325,2017-05-18 16:14:38,134590927,0.04957500,0.00148582,24687410,buy
11,0.02027638,0.00100368486528,2017-05-18 16:14:38,134590926,0.04950020,0.00100368,24687409,sell
12,0.00000505,2.4997601e-07,2017-05-18 16:14:37,134590923,0.04950020,0.00000024,24687408,sell
13,0.81472550,0.0403900166625,2017-05-18 16:14:37,134590920,0.04957500,0.04039001,24687407,buy
0,99.38565731,4.93946716831,2017-05-18 16:14:46,134591022,0.04970000,4.93946716,24687428,buy
1,22.10257269,1.09849719962,2017-05-18 16:14:46,134591021,0.04969997,1.09849719,24687427,buy
2,20.42406158,1.0150752478,2017-05-18 16:14:45,134591015,0.04969997,1.01507524,24687426,buy
3,8.89460132,0.44206132982,2017-05-18 16:14:45,134591014,0.04969996,0.44206132,24687425,buy
4,0.00500000,0.00024800055,2017-05-18 16:14:45,134591013,0.04960011,0.00024800,24687424,buy
5,5.92068410,0.293666582635,2017-05-18 16:14:45,134591012,0.04960011,0.29366658,24687423,buy
6,2.12112283,0.105207925692,2017-05-18 16:14:44,134591010,0.04960011,0.10520792,24687422,buy
7,0.42991217,0.0213236866232,2017-05-18 16:14:44,134591009,0.04960010,0.02132368,24687421,buy
0,39.56554200,1.96640585478,2017-05-18 16:14:51,134591062,0.04969996,1.96640585,24687431,buy
1,0.00000040,1.9800116e-08,2017-05-18 16:14:51,134591057,0.04950029,0.00000001,24687430,sell
2,0.00168046,8.31995746e-05,2017-05-18 16:14:49,134591050,0.04951000,0.00008319,24687429,sell
0,0.00000646,3.197718734e-07,2017-05-18 16:14:55,134591092,0.04950029,0.00000031,24687434,sell
1,3.52991400,0.175436690501,2017-05-18 16:14:55,134591088,0.04969999,0.17543669,24687433,buy
2,12.84583800,0.638437634766,2017-05-18 16:14:55,134591087,0.04969996,0.63843763,24687432,buy
0,0.00000040,1.9840028e-08,2017-05-18 16:14:58,134591106,0.04960007,0.00000001,24687435,sell
0,3.02425380,0.150003200178,2017-05-18 16:15:13,134591209,0.04960007,0.15000320,24687438,sell
1,0.02772173,0.00137500002574,2017-05-18 16:15:13,134591208,0.04960008,0.00137500,24687437,sell
2,3.40408876,0.169183007127,2017-05-18 16:15:10,134591172,0.04969994,0.16918300,24687436,buy
0,0.30000000,0.01487421,2017-05-18 16:15:19,134591237,0.04958070,0.01487421,24687441,sell
1,0.00007301,3.619886907e-06,2017-05-18 16:15:17,134591231,0.04958070,0.00000361,24687440,sell
2,0.00000060,2.974842e-08,2017-05-18 16:15:16,134591219,0.04958070,0.00000002,24687439,sell
0,0.00349052,0.000173129792,2017-05-18 16:15:23,134591260,0.04960000,0.00017312,24687443,buy
1,0.00042617,2.1129806919e-05,2017-05-18 16:15:23,134591255,0.04958070,0.00002112,24687442,sell
0,0.20000000,0.00991614,2017-05-18 16:15:27,134591282,0.04958070,0.00991614,24687448,buy
1,0.00000040,1.983e-08,2017-05-18 16:15:27,134591281,0.04957500,0.00000001,24687447,sell
2,0.02493755,0.00123642118528,2017-05-18 16:15:26,134591275,0.04958070,0.00123642,24687446,buy
3,0.10378043,0.0051455063657,2017-05-18 16:15:25,134591270,0.04958070,0.00514550,24687445,sell
4,0.02026857,0.0010049298886,2017-05-18 16:15:25,134591269,0.04958070,0.00100492,24687444,sell
0,3.32871798,0.165040167551,2017-05-18 16:15:34,134591352,0.04958070,0.16504016,24687452,buy
1,9.67128202,0.479508932449,2017-05-18 16:15:34,134591351,0.04958070,0.47950893,24687451,buy
2,0.00000040,1.983e-08,2017-05-18 16:15:33,134591343,0.04957500,0.00000001,24687450,sell
3,0.02026857,0.00100481435775,2017-05-18 16:15:31,134591327,0.04957500,0.00100481,24687449,sell
0,2.66614800,0.1321742871,2017-05-18 16:15:40,134591406,0.04957500,0.13217428,24687456,sell
